2696 4230
395 217 493 264 128
1319 228 1606 262 APPENDICE

396 340 411 357 «ι
455 316 617 365 tendit
655 314 833 365 falsam
876 317 925 360 ct
960 310 1198 359 fallacem
1239 310 1667 374 pulchritudinem
1708 313 1937 362 exterius
1975 315 2024 363 in
2056 330 2308 371 convexo,
2351 324 2527 371 utnon

399 406 413 423 α
456 386 619 434 solnm
660 386 954 447 ignorantes
991 386 1043 427 et
1082 377 1292 427 desides
1330 379 1570 444 decipiat,
1610 381 1699 430 sed
1738 383 1889 429 etiam
1929 383 2182 431 studiosos
2210 403 2227 439 ,-
2253 386 2322 433 sic
2360 387 2408 433 in
2435 390 2529 450 spi·

396 474 411 492 «¹
456 452 727 501 ritualibus
767 446 1061 510 experimur
1116 444 1475 510 frequentius,
1528 457 1578 498 et
1637 449 1868 498 novimus
1921 450 2263 513 periculosius
2314 454 2531 503 evenire.

397 542 411 559 u
456 521 626 568 Habet
663 516 800 565 enim
841 514 1065 562 mendax
1108 519 1157 562 et
1190 515 1463 578 perniciosi
1504 521 1648 566 Pater
1685 517 1935 566 mendacii
1978 522 2068 567 s‘ua
2104 533 2221 566 vasa
2252 554 2266 574 ‚
2316 535 2444 583 quae
2482 521 2533 569 in

397 609 412 628 α
456 584 801 635 exterioribus
840 581 1121 632 honestatis
1162 589 1213 632 et
1247 582 1475 632 veritatis
1509 583 1687 649 figuris
1725 584 2000 635 fallacibus
2038 594 2089 636 et
2137 584 2319 634 fucatis
2356 587 2535 636 colori·

398 677 412 695 α
455 655 550 702 hus
588 653 852 708 adornata,
889 664 1137 698 venenum
1178 650 1441 717 continent
1466 657 1602 701 tanto
1641 653 1901 702 crudelius
1939 659 1988 702 et
2014 653 2347 718 pestilentius⁹
2386 671 2536 718 quan·

397 745 413 761 0«
454 725 502 770 to
541 719 804 769 rationalis
842 717 1008 766 anima
1037 754 1052 775 ‚
1105 717 1203 767 vita
1254 717 1452 768 divinae
1493 720 1688 783 gratiae
1724 721 1980 772 illustrata
2011 757 2025 778 ‚
2064 739 2092 771 a
2129 726 2228 785 qua
2275 720 2363 769 ille
2402 722 2537 771 deci-

397 811 411 829 «
456 788 546 846 dit,
586 788 670 852 qui
710 786 900 836 cadens
938 800 1030 848 per
1069 784 1365 849 superbiam
1403 787 1451 835 in
1492 788 1710 837 veritate
1748 805 1846 837 non
1883 790 2035 846 stetit,
2063 788 2388 853 corruptibili
2426 805 2536 838 cor⁴

397 879 412 896 u
453 856 565 919 pori
601 855 834 904 noscitur
869 852 1209 918 praeminere.
1247 857 1387 903 Inter
1424 861 1547 905 vero
1584 856 1704 905 talia
1740 873 1858 907 vasa
1899 871 1987 906 sua
2026 857 2232 921 quidam
2260 856 2535 905 fuitmulta

397 948 412 964 u
453 923 728 973 fantastice
767 922 1030 986 poetizans
1068 928 1120 970 et
1145 921 1371 984 sophista
1399 923 1645 972 verbosus
1675 925 1745 989 1),
1770 925 1946 973 verbis
1974 924 2322 974 exterioribus
2358 921 2408 970 in
2434 922 2536 973 elo-

399 1016 413 1033 «
456 990 662 1056 quentia
700 990 868 1038 multis
906 994 1099 1053 gratus„
1127 989 1211 1051 qui
1238 989 1343 1037 suis
1367 990 1576 1053 poeticis
1602 990 1995 1042 fantasmatibus
2022 997 2072 1040 et
2095 991 2353 1054 figmentis
2371 991 2543 1056 junxit

397 1083 413 1101 α
452 1059 673 1109 verbum
712 1056 1072 1119 Philosophiae
1111 1056 1343 1106 Boetium
1384 1057 1712 1119 consolantis,
1751 1066 1800 1110 et
1838 1065 2082 1110 Senecam
2122 1053 2254 1109 intra
2294 1060 2540 1109 ecclesias

400 1152 415 1170 κ
458 1126 779 1183 adducendo,
815 1141 913 1174 non
953 1123 1114 1172 solum
1154 1131 1389 1189 aegrotos
1427 1126 1643 1185 animos,
1681 1128 1772 1179 sed
1811 1129 1963 1177 etiam
2006 1127 2262 1176 studiosos
2301 1125 2542 1176 dulcibus

399 1220 415 1238 «
459 1209 761 1262 syrenarum
823 1191 1055 1242 cantibus
1113 1193 1352 1242 conducit
1404 1191 1757 1246 fraudulenter
1817 1196 1881 1244 ad
1935 1195 2192 1244 interitum
2248 1192 2543 1244 salutiferae

400 1287 414 1306 α
458 1261 707 1312 veritatis.
727 1259 1102 1310 praetermissis
1116 1265 1282 1309 autem
1299 1259 1586 1325 aliisipsius
1605 1264 1850 1327 operibus
1869 1279 1983 1313 cum
2001 1263 2262 1326 despectu,
2284 1261 2542 1326 quoddam

400 1355 415 1375 «ι
457 1332 568 1398 ejus
609 1331 877 1392 scriptum,
915 1327 1052 1391 quod
1088 1331 1435 1378 Monarchiani
1471 1330 1634 1380 voluit
1671 1332 1935 1397 appellare
1975 1332 2050 1395 ⁶2),
2079 1331 2196 1394 quia
2223 1330 2273 1377 in
2307 1334 2366 1380 ea
2392 1344 2542 1392 appa-

400 1425 415 1443 ι.
456 1404 625 1448 renter
661 1398 779 1447 satis
816 1395 1045 1447 ordinate
1082 1397 1350 1460 processit,
1390 1413 1506 1446 cum
1546 1398 1808 1463 aliquibus
1846 1405 2018 1449 tamen
2057 1398 2195 1447 veris
2222 1397 2379 1447 multa
2417 1397 2547 1447 falsa

398 1492 414 1511 «
457 1466 804 1531 permiscenS,
842 1463 980 1514 volui
1022 1465 1355 1527 perscrutari.
1399 1465 1489 1515 Ubi
1530 1472 1690 1517 multa
1726 1471 1856 1529 salsa
1892 1470 2191 1526 conscripta,
2229 1475 2275 1514 et
2313 1471 2418 1527 ejus
2455 1469 2547 1527 fri-

401 1560 416 1578 «
459 1538 599 1585 ‘volas
635 1539 854 1583 rationes
880 1568 894 1590 ‚
942 1536 998 1580 ut
1033 1532 1206 1581 verbis
1244 1538 1358 1581 utar
1391 1535 1625 1583 Doctoris
1681 1535 2096 1585 excellentissimi
2137 1534 2403 1598 Augustini
2434 1570 2449 1593 ,
2489 1537 2544 1582 in

401 1629 415 1646 «
457 1608 558 1651 Deo
597 1608 767 1665 fidens,
805 1603 1070 1660 diligantid
1105 1604 1337 1659 discuteb,
1376 1608 1423 1648 ct
1459 1606 1788 1664 intelligentia
1825 1608 1960 1653 clarii
1998 1605 2212 1651 dissolvo
2253 1625 2288 1648 n.

467 1669 654 1720 Vedasi
695 1676 885 1734 quanto
913 1668 1047 1717 circa
1071 1673 1234 1730 quest'
1254 1684 1410 1732 opera
1439 1669 1479 1718 si
1509 1675 1535 1719 e
1563 1688 1655 1735 per
1681 1673 1764 1721 noi
1793 1676 2000 1735 esposto
2025 1670 2160 1718 nella
2188 1667 2547 1719 Introduzioue

398 1755 425 1789 a
463 1755 574 1802 pag.
617 1744 677 1786 X.
719 1738 767 1787 si
808 1735 1002 1785 osservi
1041 1737 1138 1785 che
1179 1746 1358 1799 questo
1389 1735 1542 1795 frate,
1579 1740 1689 1787 anzi
1728 1739 1824 1788 che
1864 1741 2097 1789 nominar
2139 1741 2312 1793 Dante,
2350 1736 2391 1784 si
2430 1752 2547 1786 con·

394 1812 528 1856 tenta
566 1805 863 1870 designat-lo
901 1802 979 1851 col
1020 1802 1166 1852 titolo
1205 1805 1253 1853 di
1291 1807 1494 1863 quidam
1529 1810 1750 1867 sophisla
1786 1812 2032 1857 verbosus.
2072 1805 2198 1856 Vedi
2237 1819 2404 1869 sopra,
2432 1819 2460 1853 e
2498 1803 2547 1853 la

396 1881 519 1925 nota
558 1874 611 1939 1)
650 1874 734 1938 qui
772 1885 1037 1936 appresso,

397 2055 434 2096 B
453 1997 497 2049 1)
529 1999 751 2049 Loquitur
783 1996 840 2038 de
860 1997 1008 2040 Dante
1030 1996 1290 2040 florentino.
1312 1995 1435 2038 Edit.
1507 2053 1533 2093 d
1564 1995 1806 2096 m‘tcollifm
1834 2000 2147 2043 Monarchiani
2189 1999 2352 2042 Daritis
2387 2004 2547 2038 excan-

438 2066 509 2099 οη.
1539 2063 1630 2096 esci
1657 2087 1663 2096 ,
1752 2065 1827 2097 em.

1379 2167 1440 2213 N.
1477 2168 1563 2212 111.

396 2291 653 2339 VILLANI
692 2290 1020 2344 ‹HOVANNL
1063 2290 1270 2337 Cronica
1307 2303 1339 2336 a
1377 2289 1578 2346 miqlior
1603 2290 1789 2335 lezione
1814 2292 2005 2339 ridotta
2032 2291 2146 2338 coll'
2166 2292 2303 2338 aiato
2330 2289 2405 2336 ἅθ’
2431 2290 2547 2334 testi

471 2372 501 2404 α
536 2373 697 2417 penna
735 2358 849 2422 (per
885 2371 1004 2405 cura
1045 2356 1095 2404 d'
1118 2356 1319 2421 Ignazio
1356 2353 1618 2418 Moutier).

468 2425 724 2490 (Firenze‚
765 2427 913 2473 1823.
952 2423 1079 2472 Vedi
1119 2439 1212 2488 per
1251 2422 1298 2473 la
1335 2424 1628 2471 Monarchia
1667 2422 1701 2471 il
1744 2422 1852 2473 Vol.
1889 2423 1989 2483 42⁰,
2025 2438 2138 2491 pag.
2177 2422 2410 2489 129-30).

1387 2559 1446 2605 N.
1486 2561 1563 2606 lV.

403 2686 758 2734 BOCCACCIO
798 2684 1110 2734 GIOVANNI
1136 2717 1151 2739 ,
1191 2685 1245 2731 ia
1280 2684 1385 2730 vita
1423 2684 1476 2728 di
1511 2684 1673 2728 Dante
1709 2681 1972 2743 Alliyhieri
2007 2696 2096 2731 ora
2130 2685 2459 2731 nuovamente
2499 2695 2551 2728 e-

470 2758 704 2801 mendata
740 2751 877 2815 (per
915 2765 1035 2798 cura
1077 2750 1126 2798 d'
1154 2750 1359 2814 Ignazio
1397 2749 1621 2798 Moutier
1648 2748 1685 2812 ).

470 2820 724 2884 OEirenze,
762 2819 964 2884 Tipogr.
1003 2817 1262 2883 Magheri‚
1302 2821 1432 2867 1833
1471 2815 1651 2880 in-8.0)

469 2893 561 2938 Del
596 2893 725 2938 libro
763 2891 894 2937 delia
931 2886 1224 2939 Monarcbia
1263 2903 1285 2936 e
1322 2890 1375 2934 di
1411 2888 1535 2935 altre
1573 2899 1737 2944 opere,
1775 2899 1888 2951 pag.
1928 2889 2014 2942 76,
2053 2887 2137 2934 77.

1390 3025 1447 3071 N.
1484 3023 1541 3069 V.

407 3163 671 3210 BARTOLI
692 3163 775 3209 DE
803 3160 1287 3216 SAXOFERRATO,
1326 3159 1387 3204 In
1423 3159 1680 3206 secundam
1715 3157 1907 3217 Diyesti
1931 3157 2056 3206 Novi
2085 3159 2277 3216 partem
2303 3156 2550 3214 Commen-

473 3237 758 3360 icfiyiigustae
797 3294 1158 3353 Taurinorum,
1199 3295 1330 3344 1589
1369 3289 1559 3357 in-f.0)·
2535 3340 2538 3342 v

473 3368 578 3411 Leoe
615 3367 662 3422 Ι,
700 3369 755 3413 de
795 3366 1098 3424 requirendis
1134 3365 1252 3415 reis,
1293 3363 1390 3408 Tit.
1429 3361 1588 3416 XVII,
1627 3358 1658 3425 ἓ
1697 3361 1974 3414 Ρναεείιῑθε,
2009 3372 2119 3418 paq.
2149 3360 2268 3414 228,
2296 3361 2395 3408 229
2422 3371 2474 3405 n.
2499 3358 2550 3406 a..

478 3455 494 3474 κ
533 3437 694 3481 Prout
732 3436 962 3480 tenemus
997 3429 1142 3479 illam
1183 3428 1474 3492 opinionem
1502 3463 1517 3485 .,
1555 3443 1708 3492 quam
1750 3426 1916 3477 tenuit
1956 3431 2182 3482 ΒΛΝΤΕΞ,
2220 3432 2373 3488 prout
2408 3424 2551 3474 illam

404 3522 419 3539 «ι
462 3498 695 3563 comperi
732 3497 783 3546 in
822 3514 921 3546 uno
961 3496 1096 3546 libro
1123 3532 1137 3554 ,
1178 3512 1329 3559 quem
1369 3494 1537 3552 fecit,
1596 3495 1682 3560 qui
1733 3501 1944 3543 vocatur
1982 3495 2276 3544 Monarchia
2302 3513 2322 3550 ,-
2361 3493 2412 3540 in
2450 3507 2551 3555 quo
2640 3529 2649 3534 .

406 3591 420 3607 «ι
465 3567 597 3616 libro
637 3566 921 3629 disputavit
947 3570 1049 3614 tres
1078 3565 1420 3629 quaestiones,
1449 3579 1662 3627 quarum
1692 3578 1789 3610 una
1815 3561 1931 3611 fuit:
1968 3577 2028 3610 an
2056 3562 2333 3624 Imperium
2364 3560 2553 3622 depen-

405 3657 420 3674 «ι
463 3635 577 3684 deat
615 3634 678 3682 ab
716 3632 991 3690 Ecclesiam
1032 3637 1081 3681 et
1118 3631 1278 3679 tenuit
1332 3631 1468 3695 quod
1507 3647 1639 3679 non:
1691 3630 1778 3680 sed
1822 3636 1930 3692 post
1969 3633 2183 3678 mortem
2224 3643 2364 3678 suam
2405 3624 2550 3687 quasi

403 3725 419 3741 «ι
462 3708 666 3762 propter
702 3702 801 3750 hoc
832 3699 932 3751 fuit
970 3700 1239 3749 damnatus
1278 3698 1342 3747 de
1384 3698 1607 3748 haeresi.
1645 3703 1770 3748 Nam
1812 3697 2044 3748 Ecclesia
2082 3701 2238 3752 tenet,
2272 3693 2418 3759 »quod
2454 3698 2553 3742 lm·

405 3792 419 3809 «
466 3769 666 3832 perium
705 3769 1002 3836 dependeat
1038 3767 1102 3818 ab
1140 3771 1200 3818 ea
1237 3766 1602 3832 pulcherrimis
1640 3766 1935 3826 rationibus,
1976 3780 2100 3831 quas
2139 3763 2310 3814 omitto
2351 3786 2386 3810 n.
