<?xml version="1.0" encoding="UTF-8"?>
<!DOCTYPE html PUBLIC "-//W3C//DTD XHTML 1.0 Transitional//EN"
    "http://www.w3.org/TR/xhtml1/DTD/xhtml1-transitional.dtd">
<html xmlns="http://www.w3.org/1999/xhtml" xml:lang="en" lang="en">
 <head>
  <title>
</title>
<meta http-equiv="Content-Type" content="text/html;charset=utf-8" />
  <meta name='ocr-system' content='tesseract 3.04.00' />
  <meta name='ocr-capabilities' content='ocr_page ocr_carea ocr_par ocr_line ocrx_word'/>
</head>
<body>
  <div class='ocr_page' id='page_1' title='image "./lamonarchia00dantuoft/lamonarchia00dantuoft_0112.png"; bbox 0 0 2696 4230; ppageno 0'>
   <div class='ocr_carea' id='block_1_1' title="bbox 418 169 1926 226">
    <p class='ocr_par' dir='ltr' id='par_1_1' title="bbox 418 169 1926 226">
     <span class='ocr_line' id='line_1_1' title="bbox 418 169 1926 226; baseline 0 -12"><span class='ocrx_word' id='word_1_1' title='bbox 418 169 483 214; x_wconf 74' lang='lat'>62</span> <span class='ocrx_word' id='word_1_2' title='bbox 1058 182 1125 215; x_wconf 85' lang='lat' dir='ltr'>DE</span> <span class='ocrx_word' id='word_1_3' title='bbox 1164 173 1476 218; x_wconf 63' lang='lat' dir='ltr'>Moa&#39;AncmA</span> <span class='ocrx_word' id='word_1_4' title='bbox 1512 171 1613 216; x_wconf 81' lang='lat' dir='ltr'>Lm.</span> <span class='ocrx_word' id='word_1_5' title='bbox 1654 174 1720 226; x_wconf 69' lang='grc' dir='ltr'>ΙΙ,</span> <span class='ocrx_word' id='word_1_6' title='bbox 1759 172 1808 217; x_wconf 86' lang='lat' dir='ltr'>C.</span> <span class='ocrx_word' id='word_1_7' title='bbox 1847 174 1926 217; x_wconf 86' lang='lat' dir='ltr'>IX.</span> 
     </span>
    </p>
   </div>
   <div class='ocr_carea' id='block_1_2' title="bbox 408 267 2570 3690">
    <p class='ocr_par' dir='ltr' id='par_1_2' title="bbox 408 267 2570 3528">
     <span class='ocr_line' id='line_1_2' title="bbox 412 267 2559 337; baseline 0.005 -19"><span class='ocrx_word' id='word_1_8' title='bbox 412 275 462 318; x_wconf 89' lang='lat' dir='ltr'>et</span> <span class='ocrx_word' id='word_1_9' title='bbox 502 267 644 319; x_wconf 89' lang='lat' dir='ltr'>solus</span> <span class='ocrx_word' id='word_1_10' title='bbox 697 269 780 335; x_wconf 90' lang='lat' dir='ltr'>qui</span> <span class='ocrx_word' id='word_1_11' title='bbox 841 269 1004 335; x_wconf 83' lang='lat' dir='ltr'>attigit</span> <span class='ocrx_word' id='word_1_12' title='bbox 1040 275 1226 319; x_wconf 85' lang='lat' dir='ltr'>metam</span> <span class='ocrx_word' id='word_1_13' title='bbox 1268 272 1600 331; x_wconf 77' lang='lat' dir='ltr'>certaminis,</span> <span class='ocrx_word' id='word_1_14' title='bbox 1639 278 1692 322; x_wconf 93' lang='lat' dir='ltr'>ut</span> <span class='ocrx_word' id='word_1_15' title='bbox 1730 272 1897 322; x_wconf 86' lang='lat' dir='ltr'>statim</span> <span class='ocrx_word' id='word_1_16' title='bbox 1941 273 2147 337; x_wconf 86' lang='lat' dir='ltr'>patebit.</span> <span class='ocrx_word' id='word_1_17' title='bbox 2185 276 2385 328; x_wconf 87' lang='lat' dir='ltr'>Primus</span> <span class='ocrx_word' id='word_1_18' title='bbox 2421 295 2559 329; x_wconf 86' lang='lat' dir='ltr'>nam-</span> 
     </span>
     <span class='ocr_line' id='line_1_3' title="bbox 413 347 2560 424; baseline 0.006 -30"><span class='ocrx_word' id='word_1_19' title='bbox 413 363 516 411; x_wconf 87' lang='lat' dir='ltr'>que</span> <span class='ocrx_word' id='word_1_20' title='bbox 554 348 688 398; x_wconf 92' lang='lat' dir='ltr'>inter</span> <span class='ocrx_word' id='word_1_21' title='bbox 727 347 1007 405; x_wconf 76' lang='lat' dir='ltr'>mortales,</span> <span class='ocrx_word' id='word_1_22' title='bbox 1044 348 1129 411; x_wconf 89' lang='lat' dir='ltr'>qui</span> <span class='ocrx_word' id='word_1_23' title='bbox 1186 349 1249 397; x_wconf 88' lang='lat' dir='ltr'>ad</span> <span class='ocrx_word' id='word_1_24' title='bbox 1286 348 1383 400; x_wconf 86' lang='lat' dir='ltr'>hoe</span> <span class='ocrx_word' id='word_1_25' title='bbox 1422 350 1653 400; x_wconf 85' lang='lat' dir='ltr'><strong>bravium</strong></span> <span class='ocrx_word' id='word_1_26' title='bbox 1709 351 2003 409; x_wconf 78' lang='lat' dir='ltr'>anhelavit,</span> <span class='ocrx_word' id='word_1_27' title='bbox 2039 354 2196 404; x_wconf 86' lang='lat' dir='ltr'>Ninus</span> <span class='ocrx_word' id='word_1_28' title='bbox 2243 354 2377 413; x_wconf 79' lang='lat' dir='ltr'>fuit,</span> <span class='ocrx_word' id='word_1_29' title='bbox 2413 363 2560 424; x_wconf 85' lang='lat' dir='ltr'>Assy-</span> 
     </span>
     <span class='ocr_line' id='line_1_4' title="bbox 410 426 2563 498; baseline 0.004 -22"><span class='ocrx_word' id='word_1_30' title='bbox 410 428 604 478; x_wconf 84' lang='lat' dir='ltr'>riorum</span> <span class='ocrx_word' id='word_1_31' title='bbox 646 445 779 485; x_wconf 84' lang='lat' dir='ltr'>rex,·</span> <span class='ocrx_word' id='word_1_32' title='bbox 818 426 904 490; x_wconf 88' lang='lat' dir='ltr'>qui</span> <span class='ocrx_word' id='word_1_33' title='bbox 946 427 1178 491; x_wconf 85' lang='lat' dir='ltr'>quamvis</span> <span class='ocrx_word' id='word_1_34' title='bbox 1216 431 1327 478; x_wconf 77' lang='lat' dir='ltr'>cum</span> <span class='ocrx_word' id='word_1_35' title='bbox 1384 437 1624 480; x_wconf 80' lang='lat' dir='ltr'>consorte</span> <span class='ocrx_word' id='word_1_36' title='bbox 1674 430 1812 480; x_wconf 90' lang='lat' dir='ltr'>thori</span> <span class='ocrx_word' id='word_1_37' title='bbox 1868 431 2205 482; x_wconf 82' lang='lat' dir='ltr'>Semiramide</span> <span class='ocrx_word' id='word_1_38' title='bbox 2229 470 2243 494; x_wconf 90' lang='lat'>,</span> <span class='ocrx_word' id='word_1_39' title='bbox 2281 449 2372 498; x_wconf 87' lang='lat' dir='ltr'>per</span> <span class='ocrx_word' id='word_1_40' title='bbox 2408 451 2563 485; x_wconf 85' lang='lat' dir='ltr'>nona-</span> 
     </span>
     <span class='ocr_line' id='line_1_5' title="bbox 413 504 2563 576; baseline 0.004 -21"><span class='ocrx_word' id='word_1_41' title='bbox 413 509 543 574; x_wconf 80' lang='lat' dir='ltr'>ginta</span> <span class='ocrx_word' id='word_1_42' title='bbox 582 525 735 557; x_wconf 90' lang='lat' dir='ltr'>annos</span> <span class='ocrx_word' id='word_1_43' title='bbox 795 514 844 556; x_wconf 87' lang='lat' dir='ltr'>et</span> <span class='ocrx_word' id='word_1_44' title='bbox 881 504 1049 570; x_wconf 92' lang='lat' dir='ltr'>plures</span> <span class='ocrx_word' id='word_1_45' title='bbox 1105 508 1201 574; x_wconf 84' lang='lat' dir='ltr'>(ut</span> <span class='ocrx_word' id='word_1_46' title='bbox 1238 510 1447 559; x_wconf 84' lang='lat' dir='ltr'>Orosius</span> <span class='ocrx_word' id='word_1_47' title='bbox 1482 509 1680 576; x_wconf 80' lang='lat' dir='ltr'>refert)</span> <span class='ocrx_word' id='word_1_48' title='bbox 1727 510 2007 575; x_wconf 86' lang='lat' dir='ltr'>Imperium</span> <span class='ocrx_word' id='word_1_49' title='bbox 2049 513 2223 562; x_wconf 89' lang='lat' dir='ltr'>mundi</span> <span class='ocrx_word' id='word_1_50' title='bbox 2261 515 2414 563; x_wconf 86' lang='lat' dir='ltr'>armis</span> <span class='ocrx_word' id='word_1_51' title='bbox 2453 523 2563 564; x_wconf 88' lang='lat' dir='ltr'>ten·</span> 
     </span>
     <span class='ocr_line' id='line_1_6' title="bbox 410 586 2561 654; baseline 0.002 -18"><span class='ocrx_word' id='word_1_52' title='bbox 410 586 623 644; x_wconf 87' lang='lat' dir='ltr'>taverit,</span> <span class='ocrx_word' id='word_1_53' title='bbox 662 592 712 636; x_wconf 89' lang='lat' dir='ltr'>et</span> <span class='ocrx_word' id='word_1_54' title='bbox 750 591 909 636; x_wconf 88' lang='lat' dir='ltr'>totam</span> <span class='ocrx_word' id='word_1_55' title='bbox 949 586 1121 635; x_wconf 88' lang='lat' dir='ltr'>Asiam</span> <span class='ocrx_word' id='word_1_56' title='bbox 1161 586 1263 636; x_wconf 91' lang='lat' dir='ltr'>sibi</span> <span class='ocrx_word' id='word_1_57' title='bbox 1303 588 1604 654; x_wconf 80' lang='lat' dir='ltr'>subegerit3</span> <span class='ocrx_word' id='word_1_58' title='bbox 1655 604 1755 639; x_wconf 91' lang='lat' dir='ltr'>non</span> <span class='ocrx_word' id='word_1_59' title='bbox 1792 596 1965 639; x_wconf 88' lang='lat' dir='ltr'>tamen</span> <span class='ocrx_word' id='word_1_60' title='bbox 2002 590 2348 641; x_wconf 88' lang='lat' dir='ltr'>occidentales</span> <span class='ocrx_word' id='word_1_61' title='bbox 2388 592 2561 642; x_wconf 90' lang='lat' dir='ltr'>mundi</span> 
     </span>
     <span class='ocr_line' id='line_1_7' title="bbox 413 664 2559 732; baseline 0.004 -19"><span class='ocrx_word' id='word_1_62' title='bbox 413 672 582 730; x_wconf 87' lang='lat' dir='ltr'>partes</span> <span class='ocrx_word' id='word_1_63' title='bbox 619 664 694 714; x_wconf 89' lang='lat' dir='ltr'>eis</span> <span class='ocrx_word' id='word_1_64' title='bbox 734 682 958 732; x_wconf 90' lang='lat' dir='ltr'>unquam</span> <span class='ocrx_word' id='word_1_65' title='bbox 994 666 1256 717; x_wconf 88' lang='lat' dir='ltr'>subiectae</span> <span class='ocrx_word' id='word_1_66' title='bbox 1295 667 1516 719; x_wconf 78' lang='lat' dir='ltr'>fuerunt.</span> <span class='ocrx_word' id='word_1_67' title='bbox 1556 674 1750 719; x_wconf 87' lang='lat' dir='ltr'>Horum</span> <span class='ocrx_word' id='word_1_68' title='bbox 1790 671 2063 720; x_wconf 89' lang='lat' dir='ltr'>amborum</span> <span class='ocrx_word' id='word_1_69' title='bbox 2104 671 2316 722; x_wconf 85' lang='lat' dir='ltr'>Ovidius</span> <span class='ocrx_word' id='word_1_70' title='bbox 2366 688 2559 722; x_wconf 90' lang='lat' dir='ltr'>memo·</span> 
     </span>
     <span class='ocr_line' id='line_1_8' title="bbox 412 744 1719 819; baseline 0.002 -24"><span class='ocrx_word' id='word_1_71' title='bbox 412 747 538 797; x_wconf 89' lang='lat' dir='ltr'>riam</span> <span class='ocrx_word' id='word_1_72' title='bbox 573 744 699 796; x_wconf 87' lang='lat' dir='ltr'>facit</span> <span class='ocrx_word' id='word_1_73' title='bbox 736 747 786 795; x_wconf 89' lang='lat' dir='ltr'>in</span> <span class='ocrx_word' id='word_1_74' title='bbox 824 753 1045 810; x_wconf 86' lang='lat' dir='ltr'>quarte,</span> <span class='ocrx_word' id='word_1_75' title='bbox 1084 747 1173 797; x_wconf 92' lang='lat' dir='ltr'>ubi</span> <span class='ocrx_word' id='word_1_76' title='bbox 1212 748 1337 800; x_wconf 88' lang='lat' dir='ltr'>dicit</span> <span class='ocrx_word' id='word_1_77' title='bbox 1372 749 1424 799; x_wconf 90' lang='lat' dir='ltr'>in</span> <span class='ocrx_word' id='word_1_78' title='bbox 1461 755 1719 819; x_wconf 83' lang='lat' dir='ltr'>Pyramo:</span> 
     </span>
     <span class='ocr_line' id='line_1_9' title="bbox 690 829 1971 887; baseline 0.002 -13"><span class='ocrx_word' id='word_1_79' title='bbox 690 829 959 877; x_wconf 83' lang='lat' dir='ltr'>Coctilibus</span> <span class='ocrx_word' id='word_1_80' title='bbox 994 832 1152 877; x_wconf 76' lang='lat' dir='ltr'>muris</span> <span class='ocrx_word' id='word_1_81' title='bbox 1189 831 1409 877; x_wconf 71' lang='lat' dir='ltr'>cinxisse</span> <span class='ocrx_word' id='word_1_82' title='bbox 1451 829 1734 880; x_wconf 70' lang='lat' dir='ltr'>Se-miraim‘s</span> <span class='ocrx_word' id='word_1_83' title='bbox 1771 832 1971 887; x_wconf 79' lang='lat' dir='ltr'>urbem,-</span> 
     </span>
     <span class='ocr_line' id='line_1_10' title="bbox 412 904 673 956; baseline -0.008 -2"><span class='ocrx_word' id='word_1_84' title='bbox 412 912 465 956; x_wconf 90' lang='lat' dir='ltr'>et</span> <span class='ocrx_word' id='word_1_85' title='bbox 507 904 673 956; x_wconf 82' lang='lat' dir='ltr'>infra:</span> 
     </span>
     <span class='ocr_line' id='line_1_11' title="bbox 692 990 2117 1052; baseline 0.001 -15"><span class='ocrx_word' id='word_1_86' title='bbox 692 991 993 1037; x_wconf 70' lang='lat' dir='ltr'>Conveniunt</span> <span class='ocrx_word' id='word_1_87' title='bbox 1030 994 1094 1038; x_wconf 75' lang='lat' dir='ltr'>ad</span> <span class='ocrx_word' id='word_1_88' title='bbox 1131 990 1271 1038; x_wconf 78' lang='lat' dir='ltr'>busta</span> <span class='ocrx_word' id='word_1_89' title='bbox 1309 991 1447 1050; x_wconf 79' lang='lat' dir='ltr'>Nini,</span> <span class='ocrx_word' id='word_1_90' title='bbox 1484 994 1763 1052; x_wconf 79' lang='lat' dir='ltr'>lateantque</span> <span class='ocrx_word' id='word_1_91' title='bbox 1801 995 1889 1039; x_wconf 83' lang='lat' dir='ltr'>sub</span> <span class='ocrx_word' id='word_1_92' title='bbox 1928 993 2117 1039; x_wconf 73' lang='lat' dir='ltr'>umbra.</span> 
     </span>
     <span class='ocr_line' id='line_1_12' title="bbox 410 1066 2561 1138; baseline 0.002 -21"><span class='ocrx_word' id='word_1_93' title='bbox 410 1066 673 1117; x_wconf 85' lang='lat' dir='ltr'>Secundus</span> <span class='ocrx_word' id='word_1_94' title='bbox 699 1105 714 1128; x_wconf 88' lang='lat'>,</span> <span class='ocrx_word' id='word_1_95' title='bbox 749 1074 991 1134; x_wconf 82' lang='lat' dir='ltr'>VesogeS,</span> <span class='ocrx_word' id='word_1_96' title='bbox 1030 1085 1121 1118; x_wconf 84' lang='lat' dir='ltr'>rex</span> <span class='ocrx_word' id='word_1_97' title='bbox 1158 1070 1387 1138; x_wconf 85' lang='lat' dir='ltr'>AEgypti,</span> <span class='ocrx_word' id='word_1_98' title='bbox 1425 1071 1489 1120; x_wconf 89' lang='lat' dir='ltr'>ad</span> <span class='ocrx_word' id='word_1_99' title='bbox 1529 1070 1629 1120; x_wconf 87' lang='lat' dir='ltr'>boc</span> <span class='ocrx_word' id='word_1_100' title='bbox 1668 1070 1904 1120; x_wconf 84' lang='lat' dir='ltr'>bravium</span> <span class='ocrx_word' id='word_1_101' title='bbox 1953 1070 2203 1136; x_wconf 76' lang='lat' dir='ltr'>spiravit:</span> <span class='ocrx_word' id='word_1_102' title='bbox 2244 1075 2294 1121; x_wconf 87' lang='lat' dir='ltr'>et</span> <span class='ocrx_word' id='word_1_103' title='bbox 2330 1073 2561 1135; x_wconf 87' lang='lat' dir='ltr'>quamvis</span> 
     </span>
     <span class='ocr_line' id='line_1_13' title="bbox 408 1146 2564 1215; baseline 0.001 -18"><span class='ocrx_word' id='word_1_104' title='bbox 408 1146 677 1197; x_wconf 90' lang='lat' dir='ltr'>Meridiem</span> <span class='ocrx_word' id='word_1_105' title='bbox 716 1153 867 1213; x_wconf 90' lang='lat' dir='ltr'>atque</span> <span class='ocrx_word' id='word_1_106' title='bbox 908 1149 1314 1213; x_wconf 79' lang='lat' dir='ltr'>Septentrionem</span> <span class='ocrx_word' id='word_1_107' title='bbox 1351 1149 1401 1198; x_wconf 92' lang='lat' dir='ltr'>in</span> <span class='ocrx_word' id='word_1_108' title='bbox 1438 1149 1556 1199; x_wconf 77' lang='lat' dir='ltr'>Asia</span> <span class='ocrx_word' id='word_1_109' title='bbox 1608 1148 1978 1215; x_wconf 83' lang='lat' dir='ltr'>exagitaverit,</span> <span class='ocrx_word' id='word_1_110' title='bbox 2027 1154 2081 1198; x_wconf 87' lang='lat' dir='ltr'>ut</span> <span class='ocrx_word' id='word_1_111' title='bbox 2118 1150 2326 1199; x_wconf 86' lang='lat' dir='ltr'>Orosius</span> <span class='ocrx_word' id='word_1_112' title='bbox 2368 1167 2564 1201; x_wconf 89' lang='lat' dir='ltr'>memo-</span> 
     </span>
     <span class='ocr_line' id='line_1_14' title="bbox 408 1222 2561 1298; baseline 0.002 -23"><span class='ocrx_word' id='word_1_113' title='bbox 408 1233 517 1285; x_wconf 69' lang='lat' dir='ltr'>rat,</span> <span class='ocrx_word' id='word_1_114' title='bbox 557 1243 817 1293; x_wconf 88' lang='lat' dir='ltr'>nunquam</span> <span class='ocrx_word' id='word_1_115' title='bbox 853 1235 1024 1279; x_wconf 88' lang='lat' dir='ltr'>tamen</span> <span class='ocrx_word' id='word_1_116' title='bbox 1063 1229 1328 1279; x_wconf 82' lang='lat' dir='ltr'>dimidiam</span> <span class='ocrx_word' id='word_1_117' title='bbox 1368 1236 1561 1295; x_wconf 88' lang='lat' dir='ltr'>partem</span> <span class='ocrx_word' id='word_1_118' title='bbox 1602 1230 1741 1280; x_wconf 88' lang='lat' dir='ltr'>orbis</span> <span class='ocrx_word' id='word_1_119' title='bbox 1771 1229 2022 1288; x_wconf 80' lang='lat' dir='ltr'>obtinuit3</span> <span class='ocrx_word' id='word_1_120' title='bbox 2050 1229 2278 1295; x_wconf 84' lang='lat' dir='ltr'>quinimo</span> <span class='ocrx_word' id='word_1_121' title='bbox 2304 1245 2330 1278; x_wconf 90' lang='lat' dir='ltr'>a</span> <span class='ocrx_word' id='word_1_122' title='bbox 2356 1222 2561 1298; x_wconf 84' lang='lat' dir='ltr'>Scythis</span> 
     </span>
     <span class='ocr_line' id='line_1_15' title="bbox 411 1306 2561 1377; baseline 0.002 -22"><span class='ocrx_word' id='word_1_123' title='bbox 411 1306 476 1355; x_wconf 90' lang='lat' dir='ltr'>ab</span> <span class='ocrx_word' id='word_1_124' title='bbox 513 1307 753 1373; x_wconf 86' lang='lat' dir='ltr'>incoepto</span> <span class='ocrx_word' id='word_1_125' title='bbox 780 1325 871 1358; x_wconf 93' lang='lat' dir='ltr'>suo</span> <span class='ocrx_word' id='word_1_126' title='bbox 910 1308 1191 1358; x_wconf 87' lang='lat' dir='ltr'>temerario</span> <span class='ocrx_word' id='word_1_127' title='bbox 1230 1315 1304 1359; x_wconf 92' lang='lat' dir='ltr'>est</span> <span class='ocrx_word' id='word_1_128' title='bbox 1339 1323 1565 1359; x_wconf 88' lang='lat' dir='ltr'>aversus.</span> <span class='ocrx_word' id='word_1_129' title='bbox 1605 1310 1798 1359; x_wconf 89' lang='lat' dir='ltr'>Deinde</span> <span class='ocrx_word' id='word_1_130' title='bbox 1835 1314 1993 1377; x_wconf 80' lang='lat' dir='ltr'>Cyrus</span> <span class='ocrx_word' id='word_1_131' title='bbox 2031 1314 2302 1358; x_wconf 88' lang='lat' dir='ltr'>Persarum</span> <span class='ocrx_word' id='word_1_132' title='bbox 2338 1325 2431 1358; x_wconf 88' lang='lat' dir='ltr'>rex</span> <span class='ocrx_word' id='word_1_133' title='bbox 2454 1317 2561 1359; x_wconf 89' lang='lat' dir='ltr'>ten·</span> 
     </span>
     <span class='ocr_line' id='line_1_16' title="bbox 411 1387 2562 1458; baseline -0 -19"><span class='ocrx_word' id='word_1_134' title='bbox 411 1387 534 1439; x_wconf 84' lang='lat' dir='ltr'>tavit</span> <span class='ocrx_word' id='word_1_135' title='bbox 558 1387 673 1447; x_wconf 82' lang='lat' dir='ltr'>hoc,</span> <span class='ocrx_word' id='word_1_136' title='bbox 706 1390 810 1455; x_wconf 79' lang='lat' dir='ltr'>qui,</span> <span class='ocrx_word' id='word_1_137' title='bbox 830 1389 1091 1458; x_wconf 89' lang='lat' dir='ltr'>Babylone</span> <span class='ocrx_word' id='word_1_138' title='bbox 1130 1390 1405 1448; x_wconf 79' lang='lat' dir='ltr'>destructa,</span> <span class='ocrx_word' id='word_1_139' title='bbox 1439 1388 1764 1455; x_wconf 89' lang='lat' dir='ltr'>imperioque</span> <span class='ocrx_word' id='word_1_140' title='bbox 1803 1388 2079 1457; x_wconf 87' lang='lat' dir='ltr'>Babylonis</span> <span class='ocrx_word' id='word_1_141' title='bbox 2105 1389 2167 1439; x_wconf 93' lang='lat' dir='ltr'>ad</span> <span class='ocrx_word' id='word_1_142' title='bbox 2194 1395 2371 1439; x_wconf 83' lang='lat' dir='ltr'>Persas</span> <span class='ocrx_word' id='word_1_143' title='bbox 2404 1397 2562 1441; x_wconf 89' lang='lat' dir='ltr'>trans-</span> 
     </span>
     <span class='ocr_line' id='line_1_17' title="bbox 411 1468 2560 1535; baseline 0 -18"><span class='ocrx_word' id='word_1_144' title='bbox 411 1468 546 1526; x_wconf 87' lang='lat' dir='ltr'>lato,</span> <span class='ocrx_word' id='word_1_145' title='bbox 584 1484 678 1518; x_wconf 89' lang='lat' dir='ltr'>nec</span> <span class='ocrx_word' id='word_1_146' title='bbox 736 1470 945 1533; x_wconf 90' lang='lat' dir='ltr'>quidem</span> <span class='ocrx_word' id='word_1_147' title='bbox 984 1469 1150 1519; x_wconf 89' lang='lat' dir='ltr'>adhuc</span> <span class='ocrx_word' id='word_1_148' title='bbox 1203 1477 1377 1535; x_wconf 85' lang='lat' dir='ltr'>partes</span> <span class='ocrx_word' id='word_1_149' title='bbox 1430 1470 1779 1520; x_wconf 87' lang='lat' dir='ltr'>occidentales</span> <span class='ocrx_word' id='word_1_150' title='bbox 1832 1478 2112 1535; x_wconf 73' lang='lat' dir='ltr'>expertUS,</span> <span class='ocrx_word' id='word_1_151' title='bbox 2166 1469 2260 1519; x_wconf 91' lang='lat' dir='ltr'>sub</span> <span class='ocrx_word' id='word_1_152' title='bbox 2299 1470 2560 1520; x_wconf 87' lang='lat' dir='ltr'>Tomiride</span> 
     </span>
     <span class='ocr_line' id='line_1_18' title="bbox 411 1549 2561 1618; baseline 0 -20"><span class='ocrx_word' id='word_1_153' title='bbox 411 1549 586 1614; x_wconf 76' lang='lat' dir='ltr'>regina</span> <span class='ocrx_word' id='word_1_154' title='bbox 627 1550 931 1618; x_wconf 84' lang='lat' dir='ltr'>Scytharum</span> <span class='ocrx_word' id='word_1_155' title='bbox 973 1550 1125 1601; x_wconf 82' lang='lat' dir='ltr'>vitam</span> <span class='ocrx_word' id='word_1_156' title='bbox 1166 1550 1311 1600; x_wconf 88' lang='lat' dir='ltr'>simul</span> <span class='ocrx_word' id='word_1_157' title='bbox 1368 1567 1483 1601; x_wconf 89' lang='lat' dir='ltr'>cum</span> <span class='ocrx_word' id='word_1_158' title='bbox 1524 1551 1804 1600; x_wconf 90' lang='lat' dir='ltr'>intentione</span> <span class='ocrx_word' id='word_1_159' title='bbox 1861 1550 2110 1616; x_wconf 85' lang='lat' dir='ltr'>deposuit.</span> <span class='ocrx_word' id='word_1_160' title='bbox 2149 1556 2267 1601; x_wconf 87' lang='lat' dir='ltr'>Post</span> <span class='ocrx_word' id='word_1_161' title='bbox 2304 1550 2398 1600; x_wconf 91' lang='lat' dir='ltr'>hos</span> <span class='ocrx_word' id='word_1_162' title='bbox 2436 1566 2561 1599; x_wconf 87' lang='lat' dir='ltr'>vero</span> 
     </span>
     <span class='ocr_line' id='line_1_19' title="bbox 410 1628 2561 1696; baseline -0 -19"><span class='ocrx_word' id='word_1_163' title='bbox 410 1632 602 1678; x_wconf 78' lang='lat' dir='ltr'>Xerses</span> <span class='ocrx_word' id='word_1_164' title='bbox 640 1628 775 1677; x_wconf 87' lang='lat' dir='ltr'>Darii</span> <span class='ocrx_word' id='word_1_165' title='bbox 816 1628 954 1679; x_wconf 88' lang='lat' dir='ltr'>[ilius</span> <span class='ocrx_word' id='word_1_166' title='bbox 981 1666 997 1688; x_wconf 87' lang='lat'>,</span> <span class='ocrx_word' id='word_1_167' title='bbox 1034 1635 1084 1679; x_wconf 88' lang='lat' dir='ltr'>et</span> <span class='ocrx_word' id='word_1_168' title='bbox 1133 1646 1226 1679; x_wconf 86' lang='lat' dir='ltr'>rex</span> <span class='ocrx_word' id='word_1_169' title='bbox 1266 1630 1314 1678; x_wconf 91' lang='lat' dir='ltr'>in</span> <span class='ocrx_word' id='word_1_170' title='bbox 1354 1630 1521 1680; x_wconf 88' lang='lat' dir='ltr'>Persis</span> <span class='ocrx_word' id='word_1_171' title='bbox 1548 1668 1561 1688; x_wconf 90' lang='lat'>,</span> <span class='ocrx_word' id='word_1_172' title='bbox 1614 1647 1727 1679; x_wconf 84' lang='lat' dir='ltr'>curn</span> <span class='ocrx_word' id='word_1_173' title='bbox 1782 1635 1916 1681; x_wconf 75' lang='lat' dir='ltr'>tanta</span> <span class='ocrx_word' id='word_1_174' title='bbox 1958 1632 2182 1696; x_wconf 86' lang='lat' dir='ltr'>gentium</span> <span class='ocrx_word' id='word_1_175' title='bbox 2240 1629 2561 1679; x_wconf 84' lang='lat' dir='ltr'>multitudine</span> 
     </span>
     <span class='ocr_line' id='line_1_20' title="bbox 412 1706 2563 1772; baseline 0.001 -19"><span class='ocrx_word' id='word_1_176' title='bbox 412 1706 656 1755; x_wconf 88' lang='lat' dir='ltr'>mundum</span> <span class='ocrx_word' id='word_1_177' title='bbox 694 1707 907 1767; x_wconf 87' lang='lat' dir='ltr'>invasit,</span> <span class='ocrx_word' id='word_1_178' title='bbox 946 1723 1062 1757; x_wconf 89' lang='lat' dir='ltr'>cum</span> <span class='ocrx_word' id='word_1_179' title='bbox 1099 1713 1236 1759; x_wconf 76' lang='lat' dir='ltr'>tanta</span> <span class='ocrx_word' id='word_1_180' title='bbox 1274 1709 1494 1772; x_wconf 75' lang='lat' dir='ltr'>potentia</span> <span class='ocrx_word' id='word_1_181' title='bbox 1522 1746 1535 1767; x_wconf 89' lang='lat'>,</span> <span class='ocrx_word' id='word_1_182' title='bbox 1572 1715 1627 1759; x_wconf 92' lang='lat' dir='ltr'>ut</span> <span class='ocrx_word' id='word_1_183' title='bbox 1662 1709 1931 1760; x_wconf 84' lang='lat' dir='ltr'>transitum</span> <span class='ocrx_word' id='word_1_184' title='bbox 1961 1709 2150 1767; x_wconf 90' lang='lat' dir='ltr'>maris,</span> <span class='ocrx_word' id='word_1_185' title='bbox 2178 1708 2346 1758; x_wconf 89' lang='lat' dir='ltr'>Asiam</span> <span class='ocrx_word' id='word_1_186' title='bbox 2377 1708 2440 1756; x_wconf 90' lang='lat' dir='ltr'>ab</span> <span class='ocrx_word' id='word_1_187' title='bbox 2468 1712 2563 1756; x_wconf 86' lang='lat' dir='ltr'>Eu-</span> 
     </span>
     <span class='ocr_line' id='line_1_21' title="bbox 410 1787 2567 1857; baseline 0 -21"><span class='ocrx_word' id='word_1_188' title='bbox 410 1792 535 1851; x_wconf 80' lang='lat' dir='ltr'>ropa</span> <span class='ocrx_word' id='word_1_189' title='bbox 572 1787 893 1845; x_wconf 87' lang='lat' dir='ltr'>dirimentis,</span> <span class='ocrx_word' id='word_1_190' title='bbox 930 1789 1062 1838; x_wconf 90' lang='lat' dir='ltr'>inter</span> <span class='ocrx_word' id='word_1_191' title='bbox 1100 1793 1277 1838; x_wconf 87' lang='lat' dir='ltr'>Seston</span> <span class='ocrx_word' id='word_1_192' title='bbox 1316 1796 1366 1840; x_wconf 90' lang='lat' dir='ltr'>et</span> <span class='ocrx_word' id='word_1_193' title='bbox 1401 1789 1650 1857; x_wconf 87' lang='lat' dir='ltr'>Abydon,</span> <span class='ocrx_word' id='word_1_194' title='bbox 1688 1797 1841 1854; x_wconf 90' lang='lat' dir='ltr'>ponte</span> <span class='ocrx_word' id='word_1_195' title='bbox 1882 1790 2218 1853; x_wconf 89' lang='lat' dir='ltr'>superaverit.</span> <span class='ocrx_word' id='word_1_196' title='bbox 2254 1789 2407 1854; x_wconf 87' lang='lat' dir='ltr'>Cujus</span> <span class='ocrx_word' id='word_1_197' title='bbox 2445 1804 2567 1853; x_wconf 89' lang='lat' dir='ltr'>ope-</span> 
     </span>
     <span class='ocr_line' id='line_1_22' title="bbox 415 1866 2566 1920; baseline -0.001 -3"><span class='ocrx_word' id='word_1_198' title='bbox 415 1868 486 1917; x_wconf 87' lang='lat' dir='ltr'>ris</span> <span class='ocrx_word' id='word_1_199' title='bbox 526 1866 849 1916; x_wconf 87' lang='lat' dir='ltr'>admirabilis</span> <span class='ocrx_word' id='word_1_200' title='bbox 887 1872 1118 1917; x_wconf 87' lang='lat' dir='ltr'>Lucanus</span> <span class='ocrx_word' id='word_1_201' title='bbox 1157 1868 1206 1915; x_wconf 90' lang='lat' dir='ltr'>in</span> <span class='ocrx_word' id='word_1_202' title='bbox 1245 1870 1470 1918; x_wconf 87' lang='lat' dir='ltr'>secundo</span> <span class='ocrx_word' id='word_1_203' title='bbox 1510 1873 1814 1919; x_wconf 80' lang='lat' dir='ltr'>Pharsaliae</span> <span class='ocrx_word' id='word_1_204' title='bbox 1837 1869 2084 1919; x_wconf 89' lang='lat' dir='ltr'>meminit.</span> <span class='ocrx_word' id='word_1_205' title='bbox 2124 1868 2268 1920; x_wconf 91' lang='lat' dir='ltr'>Canit</span> <span class='ocrx_word' id='word_1_206' title='bbox 2294 1868 2425 1917; x_wconf 88' lang='lat' dir='ltr'>enim</span> <span class='ocrx_word' id='word_1_207' title='bbox 2454 1867 2528 1917; x_wconf 85' lang='lat' dir='ltr'>sic</span> <span class='ocrx_word' id='word_1_208' title='bbox 2553 1888 2566 1915; x_wconf 70' lang='grc' dir='ltr'>ι</span> 
     </span>
     <span class='ocr_line' id='line_1_23' title="bbox 691 1948 2106 2011; baseline 0.004 -19"><span class='ocrx_word' id='word_1_209' title='bbox 691 1949 835 1993; x_wconf 83' lang='lat' dir='ltr'>Tales</span> <span class='ocrx_word' id='word_1_210' title='bbox 870 1948 1007 2006; x_wconf 81' lang='lat' dir='ltr'>sama</span> <span class='ocrx_word' id='word_1_211' title='bbox 1043 1950 1178 1995; x_wconf 78' lang='lat' dir='ltr'>canit</span> <span class='ocrx_word' id='word_1_212' title='bbox 1213 1952 1451 1997; x_wconf 79' lang='lat' dir='ltr'>tumidum</span> <span class='ocrx_word' id='word_1_213' title='bbox 1487 1964 1631 2010; x_wconf 80' lang='lat' dir='ltr'>super</span> <span class='ocrx_word' id='word_1_214' title='bbox 1663 1964 1878 2011; x_wconf 82' lang='lat' dir='ltr'>aequora</span> <span class='ocrx_word' id='word_1_215' title='bbox 1913 1951 2106 1999; x_wconf 79' lang='lat' dir='ltr'>Xersem</span> 
     </span>
     <span class='ocr_line' id='line_1_24' title="bbox 694 2029 1221 2086; baseline 0.004 -12"><span class='ocrx_word' id='word_1_216' title='bbox 694 2029 1042 2076; x_wconf 55' lang='lat' dir='ltr'>Construxisse</span> <span class='ocrx_word' id='word_1_217' title='bbox 1079 2032 1221 2086; x_wconf 70' lang='lat' dir='ltr'>cias,</span> 
     </span>
     <span class='ocr_line' id='line_1_25' title="bbox 411 2106 2563 2174; baseline -0 -18"><span class='ocrx_word' id='word_1_218' title='bbox 411 2114 463 2159; x_wconf 91' lang='lat' dir='ltr'>et</span> <span class='ocrx_word' id='word_1_219' title='bbox 499 2106 703 2156; x_wconf 88' lang='lat' dir='ltr'>tandem</span> <span class='ocrx_word' id='word_1_220' title='bbox 730 2107 1097 2157; x_wconf 87' lang='lat' dir='ltr'>miserabiliter</span> <span class='ocrx_word' id='word_1_221' title='bbox 1135 2109 1200 2157; x_wconf 91' lang='lat' dir='ltr'>ab</span> <span class='ocrx_word' id='word_1_222' title='bbox 1241 2107 1476 2173; x_wconf 86' lang='lat' dir='ltr'>incoepto</span> <span class='ocrx_word' id='word_1_223' title='bbox 1513 2109 1747 2174; x_wconf 90' lang='lat' dir='ltr'>repulsus</span> <span class='ocrx_word' id='word_1_224' title='bbox 1771 2145 1787 2169; x_wconf 89' lang='lat'>,</span> <span class='ocrx_word' id='word_1_225' title='bbox 1824 2109 1885 2158; x_wconf 89' lang='lat' dir='ltr'>ad</span> <span class='ocrx_word' id='word_1_226' title='bbox 1914 2108 2145 2158; x_wconf 85' lang='lat' dir='ltr'>bravium</span> <span class='ocrx_word' id='word_1_227' title='bbox 2172 2108 2437 2174; x_wconf 85' lang='lat' dir='ltr'>pervenire</span> <span class='ocrx_word' id='word_1_228' title='bbox 2463 2123 2563 2156; x_wconf 89' lang='lat' dir='ltr'>non</span> 
     </span>
     <span class='ocr_line' id='line_1_26' title="bbox 412 2186 2563 2253; baseline 0 -16"><span class='ocrx_word' id='word_1_229' title='bbox 412 2186 596 2251; x_wconf 87' lang='lat' dir='ltr'>potuit.</span> <span class='ocrx_word' id='word_1_230' title='bbox 633 2193 838 2238; x_wconf 85' lang='lat' dir='ltr'>Praeter</span> <span class='ocrx_word' id='word_1_231' title='bbox 873 2187 1034 2246; x_wconf 79' lang='lat' dir='ltr'>istos,</span> <span class='ocrx_word' id='word_1_232' title='bbox 1073 2194 1125 2239; x_wconf 90' lang='lat' dir='ltr'>et</span> <span class='ocrx_word' id='word_1_233' title='bbox 1163 2194 1306 2253; x_wconf 86' lang='lat' dir='ltr'>post,</span> <span class='ocrx_word' id='word_1_234' title='bbox 1343 2189 1634 2239; x_wconf 83' lang='lat' dir='ltr'>Alexander</span> <span class='ocrx_word' id='word_1_235' title='bbox 1687 2206 1782 2240; x_wconf 83' lang='lat' dir='ltr'>rex</span> <span class='ocrx_word' id='word_1_236' title='bbox 1819 2189 2030 2241; x_wconf 82' lang='lat' dir='ltr'>Macedo</span> <span class='ocrx_word' id='word_1_237' title='bbox 2070 2189 2292 2239; x_wconf 84' lang='lat' dir='ltr'>maxime</span> <span class='ocrx_word' id='word_1_238' title='bbox 2331 2188 2563 2238; x_wconf 88' lang='lat' dir='ltr'>omnium</span> 
     </span>
     <span class='ocr_line' id='line_1_27' title="bbox 416 2268 2564 2334; baseline 0.001 -19"><span class='ocrx_word' id='word_1_239' title='bbox 416 2268 480 2317; x_wconf 91' lang='lat' dir='ltr'>ad</span> <span class='ocrx_word' id='word_1_240' title='bbox 519 2268 738 2333; x_wconf 86' lang='lat' dir='ltr'>palmam</span> <span class='ocrx_word' id='word_1_241' title='bbox 776 2268 1097 2319; x_wconf 85' lang='lat' dir='ltr'>Monarchiae</span> <span class='ocrx_word' id='word_1_242' title='bbox 1149 2270 1535 2334; x_wconf 82' lang='lat' dir='ltr'>propinquans,</span> <span class='ocrx_word' id='word_1_243' title='bbox 1574 2270 1695 2319; x_wconf 91' lang='lat' dir='ltr'>dum</span> <span class='ocrx_word' id='word_1_244' title='bbox 1753 2287 1845 2334; x_wconf 87' lang='lat' dir='ltr'>per</span> <span class='ocrx_word' id='word_1_245' title='bbox 1897 2275 2110 2334; x_wconf 82' lang='lat' dir='ltr'>Legatos</span> <span class='ocrx_word' id='word_1_246' title='bbox 2148 2270 2210 2319; x_wconf 90' lang='lat' dir='ltr'>ad</span> <span class='ocrx_word' id='word_1_247' title='bbox 2253 2270 2564 2320; x_wconf 88' lang='lat' dir='ltr'>deditionem</span> 
     </span>
     <span class='ocr_line' id='line_1_28' title="bbox 411 2348 2567 2416; baseline 0 -19"><span class='ocrx_word' id='word_1_248' title='bbox 411 2354 672 2397; x_wconf 85' lang='lat' dir='ltr'>Romanos</span> <span class='ocrx_word' id='word_1_249' title='bbox 710 2354 1042 2411; x_wconf 87' lang='lat' dir='ltr'>praemonet,</span> <span class='ocrx_word' id='word_1_250' title='bbox 1082 2348 1215 2413; x_wconf 90' lang='lat' dir='ltr'>apud</span> <span class='ocrx_word' id='word_1_251' title='bbox 1249 2352 1556 2416; x_wconf 85' lang='lat' dir='ltr'>AEgyptum,</span> <span class='ocrx_word' id='word_1_252' title='bbox 1610 2356 1728 2399; x_wconf 90' lang='lat' dir='ltr'>ante</span> <span class='ocrx_word' id='word_1_253' title='bbox 1782 2355 2130 2399; x_wconf 84' lang='lat' dir='ltr'>Romanorum</span> <span class='ocrx_word' id='word_1_254' title='bbox 2170 2350 2420 2397; x_wconf 88' lang='lat' dir='ltr'>rationem</span> <span class='ocrx_word' id='word_1_255' title='bbox 2450 2386 2463 2406; x_wconf 92' lang='lat'>‚</span> <span class='ocrx_word' id='word_1_256' title='bbox 2513 2355 2567 2398; x_wconf 90' lang='lat' dir='ltr'>ut</span> 
     </span>
     <span class='ocr_line' id='line_1_29' title="bbox 414 2427 2565 2495; baseline -0.002 -16"><span class='ocrx_word' id='word_1_257' title='bbox 414 2427 583 2479; x_wconf 66' lang='lat' dir='ltr'>Livius</span> <span class='ocrx_word' id='word_1_258' title='bbox 621 2432 823 2487; x_wconf 86' lang='lat' dir='ltr'>narrat,</span> <span class='ocrx_word' id='word_1_259' title='bbox 859 2428 911 2476; x_wconf 91' lang='lat' dir='ltr'>in</span> <span class='ocrx_word' id='word_1_260' title='bbox 953 2428 1123 2477; x_wconf 88' lang='lat' dir='ltr'>medio</span> <span class='ocrx_word' id='word_1_261' title='bbox 1165 2428 1306 2492; x_wconf 86' lang='lat' dir='ltr'>quasi</span> <span class='ocrx_word' id='word_1_262' title='bbox 1363 2444 1509 2478; x_wconf 88' lang='lat' dir='ltr'>cursu</span> <span class='ocrx_word' id='word_1_263' title='bbox 1550 2429 1804 2494; x_wconf 86' lang='lat' dir='ltr'>collapsus</span> <span class='ocrx_word' id='word_1_264' title='bbox 1859 2436 1948 2480; x_wconf 89' lang='lat' dir='ltr'>est.</span> <span class='ocrx_word' id='word_1_265' title='bbox 1988 2435 2061 2478; x_wconf 79' lang='lat' dir='ltr'>De</span> <span class='ocrx_word' id='word_1_266' title='bbox 2110 2430 2254 2495; x_wconf 85' lang='lat' dir='ltr'>cnjus</span> <span class='ocrx_word' id='word_1_267' title='bbox 2292 2429 2446 2478; x_wconf 86' lang='lat' dir='ltr'>etiam</span> <span class='ocrx_word' id='word_1_268' title='bbox 2488 2444 2565 2476; x_wconf 83' lang='lat' dir='ltr'>se-</span> 
     </span>
     <span class='ocr_line' id='line_1_30' title="bbox 409 2506 2564 2573; baseline 0 -17"><span class='ocrx_word' id='word_1_269' title='bbox 409 2507 614 2573; x_wconf 81' lang='lat' dir='ltr'>pultura</span> <span class='ocrx_word' id='word_1_270' title='bbox 647 2506 845 2556; x_wconf 88' lang='lat' dir='ltr'>ibidem</span> <span class='ocrx_word' id='word_1_271' title='bbox 884 2508 1130 2558; x_wconf 88' lang='lat' dir='ltr'>existente</span> <span class='ocrx_word' id='word_1_272' title='bbox 1184 2513 1434 2568; x_wconf 87' lang='lat' dir='ltr'>Lucanus,</span> <span class='ocrx_word' id='word_1_273' title='bbox 1488 2509 1538 2557; x_wconf 91' lang='lat' dir='ltr'>in</span> <span class='ocrx_word' id='word_1_274' title='bbox 1579 2515 1795 2570; x_wconf 86' lang='lat' dir='ltr'>octavu,</span> <span class='ocrx_word' id='word_1_275' title='bbox 1834 2509 2076 2562; x_wconf 83' lang='lat' dir='ltr'>invehens</span> <span class='ocrx_word' id='word_1_276' title='bbox 2125 2509 2173 2559; x_wconf 93' lang='lat' dir='ltr'>in</span> <span class='ocrx_word' id='word_1_277' title='bbox 2213 2508 2564 2562; x_wconf 86' lang='lat' dir='ltr'>Ptolemaeum</span> 
     </span>
     <span class='ocr_line' id='line_1_31' title="bbox 412 2586 1698 2656; baseline -0.001 -17"><span class='ocrx_word' id='word_1_278' title='bbox 412 2605 592 2656; x_wconf 85' lang='lat' dir='ltr'>regem</span> <span class='ocrx_word' id='word_1_279' title='bbox 628 2587 860 2655; x_wconf 85' lang='lat' dir='ltr'>AEgypti,</span> <span class='ocrx_word' id='word_1_280' title='bbox 897 2586 1241 2638; x_wconf 89' lang='lat' dir='ltr'>testimonium</span> <span class='ocrx_word' id='word_1_281' title='bbox 1280 2588 1454 2638; x_wconf 86' lang='lat' dir='ltr'>reddit</span> <span class='ocrx_word' id='word_1_282' title='bbox 1490 2590 1698 2639; x_wconf 84' lang='lat' dir='ltr'>dicens:</span> 
     </span>
     <span class='ocr_line' id='line_1_32' title="bbox 701 2670 1902 2733; baseline 0.003 -17"><span class='ocrx_word' id='word_1_283' title='bbox 701 2670 893 2717; x_wconf 80' lang='lat' dir='ltr'>Ultima</span> <span class='ocrx_word' id='word_1_284' title='bbox 931 2671 1155 2729; x_wconf 71' lang='lat' dir='ltr'>Layaeae</span> <span class='ocrx_word' id='word_1_285' title='bbox 1187 2673 1360 2731; x_wconf 75' lang='lat' dir='ltr'>stirpis</span> <span class='ocrx_word' id='word_1_286' title='bbox 1396 2675 1708 2733; x_wconf 76' lang='lat' dir='ltr'>perituraque</span> <span class='ocrx_word' id='word_1_287' title='bbox 1739 2675 1902 2732; x_wconf 83' lang='lat' dir='ltr'>proles</span> 
     </span>
     <span class='ocr_line' id='line_1_33' title="bbox 695 2752 1928 2811; baseline 0.004 -15"><span class='ocrx_word' id='word_1_288' title='bbox 695 2752 950 2808; x_wconf 61' lang='lat' dir='ltr'>Degener,</span> <span class='ocrx_word' id='word_1_289' title='bbox 987 2753 1203 2800; x_wconf 78' lang='lat' dir='ltr'>incestae</span> <span class='ocrx_word' id='word_1_290' title='bbox 1237 2754 1441 2811; x_wconf 80' lang='lat' dir='ltr'>sceptris</span> <span class='ocrx_word' id='word_1_291' title='bbox 1477 2767 1670 2802; x_wconf 77' lang='lat' dir='ltr'>cessure</span> <span class='ocrx_word' id='word_1_292' title='bbox 1707 2757 1928 2811; x_wconf 72' lang='lat' dir='ltr'>sororiS,</span> 
     </span>
     <span class='ocr_line' id='line_1_34' title="bbox 694 2830 1960 2882; baseline 0.006 -8"><span class='ocrx_word' id='word_1_293' title='bbox 694 2830 815 2878; x_wconf 77' lang='lat' dir='ltr'>Cum</span> <span class='ocrx_word' id='word_1_294' title='bbox 852 2833 940 2877; x_wconf 78' lang='lat' dir='ltr'>tibi</span> <span class='ocrx_word' id='word_1_295' title='bbox 976 2839 1174 2880; x_wconf 83' lang='lat' dir='ltr'>sacrato</span> <span class='ocrx_word' id='word_1_296' title='bbox 1212 2833 1411 2880; x_wconf 78' lang='lat' dir='ltr'>Macedo</span> <span class='ocrx_word' id='word_1_297' title='bbox 1449 2839 1671 2881; x_wconf 73' lang='lat' dir='ltr'>servetur</span> <span class='ocrx_word' id='word_1_298' title='bbox 1706 2836 1761 2880; x_wconf 78' lang='lat' dir='ltr'>in</span> <span class='ocrx_word' id='word_1_299' title='bbox 1797 2840 1960 2882; x_wconf 80' lang='lat' dir='ltr'>antro.</span> 
     </span>
     <span class='ocr_line' id='line_1_35' title="bbox 488 2906 2568 2977; baseline -0.001 -19"><span class='ocrx_word' id='word_1_300' title='bbox 488 2913 527 2958; x_wconf 91' lang='lat' dir='ltr'>O</span> <span class='ocrx_word' id='word_1_301' title='bbox 567 2906 789 2958; x_wconf 85' lang='lat' dir='ltr'>altitudo</span> <span class='ocrx_word' id='word_1_302' title='bbox 831 2908 1112 2973; x_wconf 86' lang='lat' dir='ltr'>sapientiae</span> <span class='ocrx_word' id='word_1_303' title='bbox 1150 2915 1200 2959; x_wconf 89' lang='lat' dir='ltr'>et</span> <span class='ocrx_word' id='word_1_304' title='bbox 1237 2909 1480 2960; x_wconf 83' lang='lat' dir='ltr'>scientiae</span> <span class='ocrx_word' id='word_1_305' title='bbox 1519 2910 1643 2971; x_wconf 87' lang='lat' dir='ltr'>Dei,</span> <span class='ocrx_word' id='word_1_306' title='bbox 1680 2910 1798 2977; x_wconf 91' lang='lat' dir='ltr'>quis</span> <span class='ocrx_word' id='word_1_307' title='bbox 1851 2910 1931 2961; x_wconf 89' lang='lat' dir='ltr'>hic</span> <span class='ocrx_word' id='word_1_308' title='bbox 1978 2914 2024 2960; x_wconf 93' lang='lat' dir='ltr'>te</span> <span class='ocrx_word' id='word_1_309' title='bbox 2060 2926 2162 2961; x_wconf 91' lang='lat' dir='ltr'>non</span> <span class='ocrx_word' id='word_1_310' title='bbox 2201 2908 2568 2974; x_wconf 86' lang='lat' dir='ltr'>obstupescere</span> 
     </span>
     <span class='ocr_line' id='line_1_36' title="bbox 416 2988 2570 3055; baseline -0.001 -17"><span class='ocrx_word' id='word_1_311' title='bbox 416 2988 654 3055; x_wconf 80' lang='lat' dir='ltr'>poterit?</span> <span class='ocrx_word' id='word_1_312' title='bbox 690 2992 818 3039; x_wconf 84' lang='lat' dir='ltr'>Nam</span> <span class='ocrx_word' id='word_1_313' title='bbox 857 2994 1123 3039; x_wconf 88' lang='lat' dir='ltr'>conantem</span> <span class='ocrx_word' id='word_1_314' title='bbox 1161 2989 1510 3039; x_wconf 90' lang='lat' dir='ltr'>Alexandrum</span> <span class='ocrx_word' id='word_1_315' title='bbox 1548 2991 1847 3055; x_wconf 87' lang='lat' dir='ltr'>praepedire</span> <span class='ocrx_word' id='word_1_316' title='bbox 1886 2991 1936 3040; x_wconf 89' lang='lat' dir='ltr'>in</span> <span class='ocrx_word' id='word_1_317' title='bbox 1961 3008 2111 3042; x_wconf 88' lang='lat' dir='ltr'>cursu</span> <span class='ocrx_word' id='word_1_318' title='bbox 2141 2989 2448 3041; x_wconf 87' lang='lat' dir='ltr'>coathletam</span> <span class='ocrx_word' id='word_1_319' title='bbox 2474 2993 2570 3036; x_wconf 85' lang='lat' dir='ltr'>Ro·</span> 
     </span>
     <span class='ocr_line' id='line_1_37' title="bbox 423 3066 2567 3135; baseline -0 -16"><span class='ocrx_word' id='word_1_320' title='bbox 423 3086 660 3128; x_wconf 86' lang='lat' dir='ltr'>manum,</span> <span class='ocrx_word' id='word_1_321' title='bbox 696 3075 747 3121; x_wconf 91' lang='lat' dir='ltr'>tu</span> <span class='ocrx_word' id='word_1_322' title='bbox 773 3105 789 3129; x_wconf 90' lang='lat'>,</span> <span class='ocrx_word' id='word_1_323' title='bbox 827 3085 891 3118; x_wconf 90' lang='lat' dir='ltr'>ne</span> <span class='ocrx_word' id='word_1_324' title='bbox 929 3086 1019 3120; x_wconf 86' lang='lat' dir='ltr'>sua</span> <span class='ocrx_word' id='word_1_325' title='bbox 1057 3069 1317 3119; x_wconf 86' lang='lat' dir='ltr'>temeritas</span> <span class='ocrx_word' id='word_1_326' title='bbox 1355 3070 1586 3135; x_wconf 89' lang='lat' dir='ltr'>prodiret</span> <span class='ocrx_word' id='word_1_327' title='bbox 1625 3071 1870 3130; x_wconf 87' lang='lat' dir='ltr'>ulterius,</span> <span class='ocrx_word' id='word_1_328' title='bbox 1909 3073 1973 3122; x_wconf 90' lang='lat' dir='ltr'>de</span> <span class='ocrx_word' id='word_1_329' title='bbox 2013 3071 2290 3122; x_wconf 87' lang='lat' dir='ltr'>certamine</span> <span class='ocrx_word' id='word_1_330' title='bbox 2335 3066 2567 3134; x_wconf 84' lang='lat' dir='ltr'>rapuisti.</span> 
     </span>
     <span class='ocr_line' id='line_1_38' title="bbox 421 3147 2564 3217; baseline -0.002 -16"><span class='ocrx_word' id='word_1_331' title='bbox 421 3148 522 3201; x_wconf 83' lang='lat' dir='ltr'>Sed</span> <span class='ocrx_word' id='word_1_332' title='bbox 559 3149 692 3212; x_wconf 91' lang='lat' dir='ltr'>quod</span> <span class='ocrx_word' id='word_1_333' title='bbox 730 3155 889 3199; x_wconf 85' lang='lat' dir='ltr'>Roma</span> <span class='ocrx_word' id='word_1_334' title='bbox 929 3147 1154 3213; x_wconf 87' lang='lat' dir='ltr'>palmam</span> <span class='ocrx_word' id='word_1_335' title='bbox 1195 3149 1315 3199; x_wconf 87' lang='lat' dir='ltr'>tanti</span> <span class='ocrx_word' id='word_1_336' title='bbox 1354 3148 1519 3199; x_wconf 89' lang='lat' dir='ltr'>bravii</span> <span class='ocrx_word' id='word_1_337' title='bbox 1555 3150 1618 3200; x_wconf 88' lang='lat' dir='ltr'>sit</span> <span class='ocrx_word' id='word_1_338' title='bbox 1666 3150 1890 3216; x_wconf 82' lang='lat' dir='ltr'>adepta,</span> <span class='ocrx_word' id='word_1_339' title='bbox 1930 3149 2106 3204; x_wconf 88' lang='lat' dir='ltr'>multis</span> <span class='ocrx_word' id='word_1_340' title='bbox 2148 3147 2458 3217; x_wconf 89' lang='lat' dir='ltr'>approbatur</span> <span class='ocrx_word' id='word_1_341' title='bbox 2494 3151 2564 3196; x_wconf 83' lang='lat' dir='ltr'>te-</span> 
     </span>
     <span class='ocr_line' id='line_1_39' title="bbox 415 3227 1713 3293; baseline -0.001 -15"><span class='ocrx_word' id='word_1_342' title='bbox 415 3227 704 3285; x_wconf 69' lang='lat' dir='ltr'>stimoniis,</span> <span class='ocrx_word' id='word_1_343' title='bbox 745 3227 812 3277; x_wconf 92' lang='lat' dir='ltr'>ait</span> <span class='ocrx_word' id='word_1_344' title='bbox 849 3227 984 3276; x_wconf 88' lang='lat' dir='ltr'>enim</span> <span class='ocrx_word' id='word_1_345' title='bbox 1024 3232 1181 3278; x_wconf 88' lang='lat' dir='ltr'>Poeta</span> <span class='ocrx_word' id='word_1_346' title='bbox 1219 3234 1389 3278; x_wconf 89' lang='lat' dir='ltr'>noster</span> <span class='ocrx_word' id='word_1_347' title='bbox 1428 3228 1476 3277; x_wconf 91' lang='lat' dir='ltr'>in</span> <span class='ocrx_word' id='word_1_348' title='bbox 1514 3227 1713 3293; x_wconf 88' lang='lat' dir='ltr'>primo:</span> 
     </span>
     <span class='ocr_line' id='line_1_40' title="bbox 695 3308 1999 3366; baseline 0.001 -10"><span class='ocrx_word' id='word_1_349' title='bbox 695 3310 830 3356; x_wconf 70' lang='lat' dir='ltr'>Certe·</span> <span class='ocrx_word' id='word_1_350' title='bbox 868 3308 980 3354; x_wconf 79' lang='lat' dir='ltr'>hinc</span> <span class='ocrx_word' id='word_1_351' title='bbox 1014 3310 1284 3366; x_wconf 68' lang='lat' dir='ltr'>Romauoe,</span> <span class='ocrx_word' id='word_1_352' title='bbox 1319 3310 1441 3357; x_wconf 82' lang='lat' dir='ltr'>olim</span> <span class='ocrx_word' id='word_1_353' title='bbox 1478 3310 1784 3357; x_wconf 69' lang='lat' dir='ltr'>volventibus</span> <span class='ocrx_word' id='word_1_354' title='bbox 1822 3311 1999 3366; x_wconf 70' lang='lat' dir='ltr'>auuiS,</span> 
     </span>
     <span class='ocr_line' id='line_1_41' title="bbox 694 3384 2158 3448; baseline 0.002 -16"><span class='ocrx_word' id='word_1_355' title='bbox 694 3388 822 3433; x_wconf 87' lang='lat' dir='ltr'>IIiuc</span> <span class='ocrx_word' id='word_1_356' title='bbox 858 3387 957 3446; x_wconf 83' lang='lat' dir='ltr'>fore</span> <span class='ocrx_word' id='word_1_357' title='bbox 997 3390 1219 3435; x_wconf 82' lang='lat' dir='ltr'>ductores</span> <span class='ocrx_word' id='word_1_358' title='bbox 1248 3421 1263 3444; x_wconf 95' lang='lat'>,</span> <span class='ocrx_word' id='word_1_359' title='bbox 1301 3393 1525 3436; x_wconf 77' lang='lat' dir='ltr'>revocato</span> <span class='ocrx_word' id='word_1_360' title='bbox 1565 3402 1595 3437; x_wconf 85' lang='lat' dir='ltr'>a</span> <span class='ocrx_word' id='word_1_361' title='bbox 1631 3391 1867 3448; x_wconf 71' lang='lat' dir='ltr'>sanquine</span> <span class='ocrx_word' id='word_1_362' title='bbox 1908 3389 2096 3445; x_wconf 83' lang='lat' dir='ltr'>Teucri,</span> <span class='ocrx_word' id='word_1_363' title='bbox 2155 3384 2158 3385; x_wconf 43' lang='lat'><em>⁷</em></span> 
     </span>
     <span class='ocr_line' id='line_1_42' title="bbox 700 3467 1981 3528; baseline 0 -14"><span class='ocrx_word' id='word_1_364' title='bbox 700 3467 796 3522; x_wconf 85' lang='lat' dir='ltr'>Qui</span> <span class='ocrx_word' id='word_1_365' title='bbox 833 3479 961 3513; x_wconf 84' lang='lat' dir='ltr'>mare</span> <span class='ocrx_word' id='word_1_366' title='bbox 986 3500 1000 3523; x_wconf 93' lang='lat'>,</span> <span class='ocrx_word' id='word_1_367' title='bbox 1040 3469 1126 3528; x_wconf 83' lang='lat' dir='ltr'>qui</span> <span class='ocrx_word' id='word_1_368' title='bbox 1163 3474 1314 3515; x_wconf 83' lang='lat' dir='ltr'>terras</span> <span class='ocrx_word' id='word_1_369' title='bbox 1354 3470 1490 3516; x_wconf 84' lang='lat' dir='ltr'>omni</span> <span class='ocrx_word' id='word_1_370' title='bbox 1526 3473 1711 3519; x_wconf 77' lang='lat' dir='ltr'>ditione</span> <span class='ocrx_word' id='word_1_371' title='bbox 1749 3474 1981 3516; x_wconf 78' lang='lat' dir='ltr'>tenerent.</span> 
     </span>
    </p>

    <p class='ocr_par' dir='ltr' id='par_1_3' title="bbox 419 3545 1894 3690">
     <span class='ocr_line' id='line_1_43' title="bbox 419 3545 1075 3610; baseline -0.009 -10"><span class='ocrx_word' id='word_1_372' title='bbox 419 3554 482 3600; x_wconf 86' lang='lat' dir='ltr'>Et</span> <span class='ocrx_word' id='word_1_373' title='bbox 518 3552 747 3598; x_wconf 88' lang='lat' dir='ltr'>Lucanus</span> <span class='ocrx_word' id='word_1_374' title='bbox 786 3547 836 3594; x_wconf 90' lang='lat' dir='ltr'>in</span> <span class='ocrx_word' id='word_1_375' title='bbox 875 3545 1075 3610; x_wconf 90' lang='lat' dir='ltr'>primo:</span> 
     </span>
     <span class='ocr_line' id='line_1_44' title="bbox 695 3629 1894 3690; baseline -0.002 -14"><span class='ocrx_word' id='word_1_376' title='bbox 695 3632 955 3680; x_wconf 74' lang='lat' dir='ltr'>Dividitur</span> <span class='ocrx_word' id='word_1_377' title='bbox 987 3629 1116 3689; x_wconf 77' lang='lat' dir='ltr'>ferro</span> <span class='ocrx_word' id='word_1_378' title='bbox 1157 3643 1318 3690; x_wconf 62' lang='lat' dir='ltr'>regum</span> <span class='ocrx_word' id='word_1_379' title='bbox 1342 3662 1356 3686; x_wconf 79' lang='lat'>,</span> <span class='ocrx_word' id='word_1_380' title='bbox 1388 3629 1649 3689; x_wconf 75' lang='lat' dir='ltr'>populique</span> <span class='ocrx_word' id='word_1_381' title='bbox 1685 3631 1894 3688; x_wconf 77' lang='lat' dir='ltr'>potentis</span> 
     </span>
    </p>
   </div>
  </div>
 </body>
</html>
