2696 4230
435 201 499 246 20
1063 214 1131 248 DE
1170 203 1481 250 Momacnu
1518 205 1620 251 Lm.
1659 208 1700 259 I,
1741 204 1792 252 C.
1831 208 1967 253 xm.

435 298 589 364 Virgo
635 314 852 363 namque
898 301 1175 352 vocabatur
1220 302 1442 362 lustitia,
1480 320 1628 368 quam
1670 313 1718 356 et
1756 311 2015 357 Astraeam
2049 309 2310 360 vocabant.
2351 316 2583 367 Saturnia

438 394 594 444 regna
644 380 940 432 dicebantur
978 383 1168 446 optima
1207 390 1469 446 tempora,
1509 402 1639 450 quae
1678 394 1730 438 et
1767 403 1920 437 aurea
1966 389 2340 454 nuncupabant.
2382 397 2583 448 Justitia

441 457 702 524 potissima
744 466 821 509 cst
859 460 1019 509 solum
1059 461 1153 508 sub
1190 461 1494 512 Monarcha:
1534 480 1653 529 ergo
1693 465 1755 514 ad
1797 469 2042 530 optimam
2091 469 2262 518 mundi
2301 469 2580 534 dispositio-

440 553 558 588 nem
587 538 892 602 requiritur,
934 553 1046 587 esse
1083 538 1433 590 Monarchiam
1456 575 1470 596 ‚
1508 541 1612 589 sive
1650 546 1945 607 Imperium.
1971 547 2046 596 Ad
2073 547 2382 597 evidentiam
2411 549 2585 599 subas-

438 625 669 681 sumptae
709 617 1064 681 propositionis
1090 618 1366 679 sciendum,
1406 622 1543 683 quod
1576 624 1768 689 justitia
1805 626 1866 675 de
1905 643 1959 675 sc
1999 633 2048 677 et
2083 629 2132 677 in
2171 628 2379 693 propria
2407 635 2586 681 natura

436 698 771 754 considerata,
804 704 879 747 est
918 700 1168 763 quaedam
1210 695 1464 750 rectitudo
1503 702 1607 754 sive
1648 705 1842 770 regula,
1869 707 2134 773 obliquum
2173 709 2431 759 hincinde
2461 710 2591 776 abji-

434 779 609 826 ciens:
650 783 699 826 et
736 778 809 828 sic
848 794 943 828 non
983 779 1164 843 recipit
1201 781 1363 846 majus
1402 788 1451 828 et
1485 782 1679 839 miuus,
1718 787 2151 848 quemadmodum
2192 788 2379 838 albedo
2409 788 2460 837 in
2489 805 2585 839 suo

433 856 689 907 abstracto
728 858 1079 909 considerata:
1119 867 1236 910 sunt
1283 860 1416 909 enim
1459 860 1751 926 hujusmodi
1791 864 1989 917 formae
2030 870 2282 933 quaedam
2333 869 2593 933 composi·

432 937 554 989 tioni
592 939 959 1005 contingentes,
990 947 1039 990 et
1067 939 1402 989 consistentes
1439 940 1658 1006 simplici
1698 948 1746 993 et
1783 944 2072 997 invariabili
2113 949 2353 1007 essentia,
2397 957 2450 999 ut
2487 955 2591 1000 Ma-

431 1016 585 1082 gister
622 1034 714 1067 sex
751 1019 1109 1083 principiorum
1138 1026 1273 1067 recte
1297 1018 1379 1067 ait.
1405 1019 1670 1084 Recipiunt
1694 1026 1862 1072 tamen
1892 1025 2049 1090 magis
2078 1035 2129 1077 et
2158 1028 2327 1076 minus
2356 1027 2503 1095 hujus
2533 1028 2594 1095 α)

433 1098 690 1164 qualitatis
728 1115 792 1148 ex
830 1107 972 1164 parte
1012 1099 1391 1163 subjectorum,
1431 1099 1616 1163 quibus
1653 1112 2031 1156 concernuntur
2055 1143 2070 1162 ,
2116 1108 2393 1158 secundum
2447 1109 2585 1172 quod

432 1177 596 1243 magis
635 1185 683 1227 et
721 1180 887 1228 minus
924 1178 973 1227 in
1011 1177 1257 1243 subjectis
1296 1177 1363 1225 de
1400 1179 1662 1228 contrariis
1689 1180 2010 1233 admiscetur.
2039 1186 2133 1234 Ubi
2161 1200 2283 1249 ergo
2313 1185 2586 1236 minimum

434 1260 498 1309 de
537 1261 792 1308 contrario
824 1260 1052 1327 justitiae
1093 1258 1438 1315 admiscetur,
1476 1264 1526 1308 et
1562 1264 1807 1324 quantum
1863 1264 1925 1312 ad
1964 1264 2188 1314 habitum
2246 1271 2307 1317 et.
2340 1273 2588 1331 quantum

434 1338 497 1388 ad
536 1339 882 1402 operationem
909 1376 923 1396 ,
963 1339 1033 1388 ibi
1065 1336 1258 1405 justitia
1296 1338 1564 1402 potissima
1603 1345 1687 1386 est.
1727 1344 1787 1389 Et
1821 1358 1942 1390 vere
1991 1349 2108 1393 tunc
2160 1349 2326 1409 potest
2373 1346 2472 1395 dici
2523 1347 2589 1396 de

434 1418 559 1475 illa,
597 1424 651 1467 ut
686 1419 995 1483 Philosphus
1032 1417 1212 1483 inquit,
1250 1433 1402 1479 neque
1441 1420 1702 1478 HesperuS,
1738 1434 1889 1481 neque
1928 1425 2124 1482 Lucifer
2158 1430 2229 1472 sic
2267 1429 2584 1475 admirabilis

437 1506 524 1548 est.
562 1501 649 1547 Est
688 1500 821 1548 enim
866 1508 981 1550 tunc
1019 1498 1261 1549 Phoehae
1318 1495 1541 1556 similis,
1595 1494 1802 1544 fratrem
1846 1498 2220 1550 diametraliter
2265 1503 2472 1555 intuenti
2527 1504 2592 1566 de

432 1593 695 1641 purpureo
736 1580 1010 1629 matutinae
1050 1576 1343 1627 serenitatis.
1381 1578 1633 1634 Quantum
1674 1592 1796 1641 crgo
1834 1577 1898 1625 ad
1940 1577 2187 1638 habitum,
2221 1580 2419 1646 justitia
2467 1597 2586 1631 con-

434 1658 751 1707 trarietatem
790 1658 948 1709 habet
986 1657 1292 1724 quandoque
1331 1656 1382 1705 in
1421 1655 1595 1712 velle3
1632 1671 1746 1703 nam
1788 1656 1876 1705 ubi
1918 1659 2149 1709 voluntas
2202 1661 2266 1710 ab
2317 1661 2454 1711 omni
2504 1678 2591 1711 cu·

430 1736 646 1802 piditate
686 1737 885 1788 sincera
926 1754 1024 1788 non
1066 1747 1180 1794 est,
1219 1736 1314 1785 etsi
1355 1735 1486 1785 adsit
1515 1734 1710 1802 justitia
1738 1770 1752 1790 ,
1794 1751 1892 1784 non
1933 1744 2100 1786 tamen
2139 1739 2341 1788 omnino
2377 1739 2506 1790 inest
2540 1741 2592 1790 in

431 1815 637 1881 fulgore
676 1833 798 1867 suae
836 1816 1098 1882 puritatis:
1137 1816 1295 1866 habet
1332 1815 1466 1863 enim
1507 1815 1791 1882 subjectum
1815 1851 1830 1872 ,
1868 1816 1988 1867 licet
2028 1818 2259 1877 minime,
2292 1820 2590 1886 aliqualiter

433 1900 605 1946 tamen
644 1896 740 1946 sibi
781 1897 1049 1953 resistens3
1087 1900 1299 1959 propter
1339 1894 1474 1958 quod
1514 1893 1646 1942 bene
1688 1893 2033 1957 repelluntur,
2081 1896 2165 1960 qui
2201 1896 2433 1963 judicem
2479 1914 2593 1962 pas-

434 1974 635 2025 sionare
673 1981 931 2025 conantur.
970 1978 1220 2033 Quantum
1258 1989 1380 2022 vero
1418 1972 1480 2022 ad
1519 1972 1902 2036 operationem,
1936 1974 2132 2040 justitia
2182 1976 2591 2026 contrarietatem

431 2053 595 2104 habet
634 2054 681 2102 in
719 2070 906 2119 posse;
947 2070 1061 2105 nam
1101 2057 1212 2103 cum
1248 2050 1448 2120 justitia
1486 2050 1550 2100 sit
1588 2049 1750 2100 virtus
1789 2051 1851 2100 ad
1903 2052 2156 2110 alterum,
2209 2052 2316 2103 sive
2370 2056 2591 2119 potentia

433 2134 695 2186 tribuendi
735 2136 923 2201 cuique
979 2135 1114 2198 quod
1155 2149 1303 2184 suum
1343 2137 1451 2191 est,
1489 2131 1740 2196 quomodo
1789 2130 1901 2196 quis
1956 2134 2254 2198 operabitur
2308 2137 2583 2186 secundum

432 2214 626 2264 illam?
663 2221 740 2265 Ex
779 2233 881 2281 quo
921 2221 1071 2280 patet,
1113 2214 1250 2280 quod
1286 2219 1473 2280 quanto
1507 2214 1672 2279 justus
1707 2214 1979 2277 potentior,
2016 2211 2154 2265 tanto
2190 2215 2242 2265 in
2288 2218 2586 2281 operatione

437 2309 528 2343 sua
561 2294 754 2361 justitia
794 2295 896 2344 erit
932 2293 1166 2360 amplior.
1205 2298 1282 2342 Ex
1319 2291 1414 2341 hac
1455 2290 1628 2353 itaque
1666 2281 2015 2343 declaratione
2057 2293 2127 2342 sic
2179 2302 2452 2360 arguatur:
2501 2301 2593 2346 Ju-

440 2372 577 2423 stitia
616 2374 880 2439 potissima
920 2380 997 2424 est
1032 2373 1082 2423 in
1124 2372 1341 2428 mund0,
1381 2368 1581 2435 quando
1620 2368 1973 2419 volentissimo
2013 2374 2062 2418 et
2106 2373 2457 2435 potentissimo
2509 2393 2593 2424 su-

433 2452 604 2518 bjecto
643 2455 812 2505 inest:
850 2452 1148 2521 hujusmodi
1183 2451 1320 2501 solus
1355 2448 1627 2501 Monarcba
1664 2455 1779 2507 est3
1833 2465 1955 2513 ergo
1994 2448 2090 2499 Soli
2127 2451 2436 2502 Monarchae
2475 2454 2594 2504 insi-

436 2539 572 2584 stens
603 2534 798 2599 justitia
824 2570 839 2593 ,
875 2534 929 2582 in
966 2533 1156 2582 mundo
1194 2532 1456 2598 potissima
1494 2535 1585 2580 est.
1625 2534 1724 2580 Iste
1751 2529 2182 2596 prosyllogismos
2209 2532 2366 2581 currit
2394 2549 2483 2596 per
2509 2550 2587 2583 56-

439 2610 948 2683 cundam'figuram‚
985 2631 1100 2666 cum
1141 2613 1411 2679 negatione
1449 2611 1754 2668 intrinseca3
1794 2618 1844 2662 et
1881 2616 1958 2660 est
1995 2609 2175 2659 similis
2221 2609 2365 2661 huic:
2425 2617 2588 2665 Omne

437 2696 578 2744 Best
603 2698 663 2754 A,
703 2693 867 2745 solum
908 2700 942 2747 C
983 2699 1060 2744 est
1096 2697 1167 2751 A3
1205 2708 1326 2757 ergo
1366 2690 1531 2741 solum
1571 2696 1605 2742 C
1645 2698 1723 2742 est
1746 2697 1796 2741 Β.
1830 2691 1974 2751 Quod
2014 2699 2119 2741 est:
2160 2697 2320 2743 Omne
2359 2697 2394 2741 Β
2424 2699 2499 2742 est
2526 2699 2589 2751 A,

436 2771 631 2822 nullum
659 2778 864 2838 praeter
888 2778 922 2824 C
947 2778 1022 2824 est
1042 2777 1112 2830 A;
1140 2787 1263 2837 ergo
1290 2769 1482 2820 nullum
1509 2774 1711 2835 praeter
1737 2774 1770 2820 t:
1799 2777 1874 2819 est
1900 2774 1955 2829 Β,
1983 2777 2077 2820 etc.
2106 2771 2269 2821 Prima
2298 2771 2582 2836 propositio

436 2852 785 2904 declaratione
813 2854 1155 2921 praecedente
1180 2857 1426 2915 apparet3
1454 2848 1555 2899 alia
1594 2850 1665 2900 sic
1702 2850 2002 2909 ostenditur,
2024 2857 2074 2900 et
2100 2851 2317 2915 primum
2346 2854 2587 2915 quantum

441 2932 507 2981 ad
533 2933 686 2992 velle,
726 2934 911 2985 deinde
951 2937 1189 2999 quantum
1219 2933 1279 2981 ad
1306 2946 1472 2996 posse.
1499 2930 1576 2980 Ad
1605 2930 1911 2980 evidentiam
1943 2931 2092 2996 primi
2131 2930 2422 2988 notandum,
2449 2931 2587 2995 quod

435 3013 656 3078 justitiae
695 3016 922 3066 maxime
959 3014 1296 3066 contrariatur
1334 3012 1614 3077 cupiditaS,
1652 3017 1706 3062 ut
1741 3012 1904 3061 innuit
1955 3010 2256 3062 Aristoteles
2310 3011 2357 3060 in
2412 3012 2587 3077 quinto

438 3095 501 3140 ad
539 3096 904 3145 Nicomachum.
939 3098 1151 3144 Remota
1192 3090 1467 3156 cupiditate
1507 3090 1746 3148 omnino,
1787 3090 1909 3140 nihil
1951 3090 2176 3159 justitiae
2227 3097 2384 3141 restat
2412 3091 2588 3140 adver-

439 3186 549 3219 sum
576 3191 595 3228 ,-
632 3173 766 3224 unde
806 3172 1055 3224 sententia
1093 3168 1384 3235 Philosophi
1424 3175 1538 3230 est,
1574 3174 1626 3219 ut
1663 3185 1796 3232 quae
1837 3171 1948 3236 lege
1986 3170 2314 3220 determinari
2359 3175 2584 3234 possunt,

437 3249 580 3299 nullo
618 3251 769 3300 modo
800 3251 964 3318 judici
1003 3249 1379 3314 relinquantur:
1419 3254 1469 3298 et
1507 3247 1604 3299 hoc
1646 3254 1780 3298 metu
1820 3248 2113 3314 cupiditatis
2141 3248 2254 3298 fieri
2282 3254 2499 3313 oportet,
2524 3248 2586 3298 de

436 3328 577 3379 facili
617 3336 815 3380 mentes
853 3329 1111 3379 hominum
1150 3327 1520 3391 detorquentiS.
1557 3328 1652 3378 Ubi
1693 3344 1818 3394 ergo
1856 3343 1953 3377 non
1995 3334 2074 3379 est
2112 3327 2250 3392 quod
2290 3328 2448 3391 possit
2494 3342 2585 3390 ‘op-

437 3408 565 3468 ἰπὶ,
601 3406 926 3472 impossibile
966 3414 1043 3456 est
1078 3407 1152 3455 ibi
1188 3405 1516 3471 cupiditatem
1557 3422 1699 3464 esse3
1740 3408 2017 3457 destructis
2055 3407 2186 3455 enim
2215 3405 2452 3472 objectiS,
2476 3418 2582 3469 pas·

437 3490 609 3540 siones
647 3502 763 3536 esse
803 3501 902 3535 non
940 3492 1160 3549 possunt.
1201 3485 1298 3535 Sed
1341 3485 1619 3537 Monarcha
1658 3502 1753 3536 non
1796 3485 1953 3539 habet
1991 3486 2127 3550 quod
2166 3485 2320 3550 possit
2371 3491 2582 3549 optare;

497 3656 544 3705 a)
577 3656 693 3698 Cod.
723 3656 834 3701 ven,
879 3656 1127 3706 hujusmodi
