<?xml version="1.0" encoding="UTF-8"?>
<!DOCTYPE html PUBLIC "-//W3C//DTD XHTML 1.0 Transitional//EN"
    "http://www.w3.org/TR/xhtml1/DTD/xhtml1-transitional.dtd">
<html xmlns="http://www.w3.org/1999/xhtml" xml:lang="en" lang="en">
 <head>
  <title>
</title>
<meta http-equiv="Content-Type" content="text/html;charset=utf-8" />
  <meta name='ocr-system' content='tesseract 3.04.00' />
  <meta name='ocr-capabilities' content='ocr_page ocr_carea ocr_par ocr_line ocrx_word'/>
</head>
<body>
  <div class='ocr_page' id='page_1' title='image "./lamonarchia00dantuoft/lamonarchia00dantuoft_0102.png"; bbox 0 0 2696 4230; ppageno 0'>
   <div class='ocr_carea' id='block_1_1' title="bbox 410 190 1918 246">
    <p class='ocr_par' dir='ltr' id='par_1_1' title="bbox 410 190 1918 246">
     <span class='ocr_line' id='line_1_1' title="bbox 410 190 1918 246; baseline -0.001 -9"><span class='ocrx_word' id='word_1_1' title='bbox 410 192 474 237; x_wconf 75' lang='lat'><em>52</em></span> <span class='ocrx_word' id='word_1_2' title='bbox 1038 204 1107 238; x_wconf 86' lang='lat' dir='ltr'><em>DE</em></span> <span class='ocrx_word' id='word_1_3' title='bbox 1148 193 1457 238; x_wconf 71' lang='lat' dir='ltr'><em>MoNAnCmA</em></span> <span class='ocrx_word' id='word_1_4' title='bbox 1492 191 1594 236; x_wconf 80' lang='lat' dir='ltr'><em>Lm.</em></span> <span class='ocrx_word' id='word_1_5' title='bbox 1635 193 1703 246; x_wconf 85' lang='lat' dir='ltr'><em>II,</em></span> <span class='ocrx_word' id='word_1_6' title='bbox 1748 190 1799 238; x_wconf 84' lang='lat' dir='ltr'><em>C.</em></span> <span class='ocrx_word' id='word_1_7' title='bbox 1839 192 1918 238; x_wconf 77' lang='lat' dir='ltr'><em>VI.</em></span> 
     </span>
    </p>
   </div>
   <div class='ocr_carea' id='block_1_2' title="bbox 405 287 2562 1786">
    <p class='ocr_par' dir='ltr' id='par_1_2' title="bbox 405 287 2562 1786">
     <span class='ocr_line' id='line_1_2' title="bbox 411 287 2556 355; baseline 0.001 -15"><span class='ocrx_word' id='word_1_8' title='bbox 411 290 575 340; x_wconf 76' lang='lat' dir='ltr'><em>salute</em></span> <span class='ocrx_word' id='word_1_9' title='bbox 616 290 810 355; x_wconf 77' lang='lat' dir='ltr'><em>patriae</em></span> <span class='ocrx_word' id='word_1_10' title='bbox 848 291 1026 340; x_wconf 83' lang='lat' dir='ltr'><em>mortis</em></span> <span class='ocrx_word' id='word_1_11' title='bbox 1063 288 1298 338; x_wconf 80' lang='lat' dir='ltr'><em>tenebras</em></span> <span class='ocrx_word' id='word_1_12' title='bbox 1334 303 1433 335; x_wconf 87' lang='lat' dir='ltr'><em>non</em></span> <span class='ocrx_word' id='word_1_13' title='bbox 1468 287 1699 347; x_wconf 78' lang='lat' dir='ltr'><em>horruit3</em></span> <span class='ocrx_word' id='word_1_14' title='bbox 1748 287 1908 345; x_wconf 80' lang='lat' dir='ltr'><em>aiter,</em></span> <span class='ocrx_word' id='word_1_15' title='bbox 1952 290 2002 337; x_wconf 88' lang='lat' dir='ltr'><em>ut</em></span> <span class='ocrx_word' id='word_1_16' title='bbox 2056 288 2241 337; x_wconf 87' lang='lat' dir='ltr'><em>mundo</em></span> <span class='ocrx_word' id='word_1_17' title='bbox 2293 290 2556 344; x_wconf 77' lang='lat' dir='ltr'>libertatis</span> 
     </span>
     <span class='ocr_line' id='line_1_3' title="bbox 411 367 2559 433; baseline 0.002 -15"><span class='ocrx_word' id='word_1_18' title='bbox 411 387 637 422; x_wconf 81' lang='lat' dir='ltr'><em>amorem</em></span> <span class='ocrx_word' id='word_1_19' title='bbox 680 372 1006 428; x_wconf 67' lang='lat' dir='ltr'><em>accenderet„</em></span> <span class='ocrx_word' id='word_1_20' title='bbox 1046 369 1220 433; x_wconf 81' lang='lat' dir='ltr'><em>quanti</em></span> <span class='ocrx_word' id='word_1_21' title='bbox 1260 367 1476 418; x_wconf 85' lang='lat' dir='ltr'><em>libertas</em></span> <span class='ocrx_word' id='word_1_22' title='bbox 1522 376 1660 420; x_wconf 88' lang='lat' dir='ltr'><em>esset</em></span> <span class='ocrx_word' id='word_1_23' title='bbox 1702 368 1965 425; x_wconf 78' lang='lat' dir='ltr'><em>ostendit,</em></span> <span class='ocrx_word' id='word_1_24' title='bbox 2019 368 2139 418; x_wconf 90' lang='lat' dir='ltr'><em>dum</em></span> <span class='ocrx_word' id='word_1_25' title='bbox 2191 385 2219 418; x_wconf 93' lang='lat' dir='ltr'><em>e</em></span> <span class='ocrx_word' id='word_1_26' title='bbox 2273 370 2374 420; x_wconf 78' lang='lat' dir='ltr'><em>vita</em></span> <span class='ocrx_word' id='word_1_27' title='bbox 2421 372 2559 422; x_wconf 87' lang='lat' dir='ltr'><em>liber</em></span> 
     </span>
     <span class='ocr_line' id='line_1_4' title="bbox 410 446 2557 511; baseline 0 -13"><span class='ocrx_word' id='word_1_28' title='bbox 410 450 664 500; x_wconf 74' lang='lat' dir='ltr'>decedere</span> <span class='ocrx_word' id='word_1_29' title='bbox 704 449 898 506; x_wconf 65' lang='lat' dir='ltr'><em>maluit7</em></span> <span class='ocrx_word' id='word_1_30' title='bbox 938 452 1087 511; x_wconf 79' lang='lat' dir='ltr'><em>quam</em></span> <span class='ocrx_word' id='word_1_31' title='bbox 1129 446 1233 496; x_wconf 80' lang='lat' dir='ltr'><em>sine</em></span> <span class='ocrx_word' id='word_1_32' title='bbox 1270 446 1508 496; x_wconf 86' lang='lat' dir='ltr'><em>libertate</em></span> <span class='ocrx_word' id='word_1_33' title='bbox 1545 462 1814 497; x_wconf 87' lang='lat' dir='ltr'><em>remanere</em></span> <span class='ocrx_word' id='word_1_34' title='bbox 1849 447 1900 495; x_wconf 93' lang='lat' dir='ltr'><em>in</em></span> <span class='ocrx_word' id='word_1_35' title='bbox 1938 447 2044 499; x_wconf 74' lang='lat' dir='ltr'><em>illa.</em></span> <span class='ocrx_word' id='word_1_36' title='bbox 2083 453 2275 498; x_wconf 89' lang='lat' dir='ltr'><em>Horum</em></span> <span class='ocrx_word' id='word_1_37' title='bbox 2328 450 2557 499; x_wconf 89' lang='lat' dir='ltr'><em>omnium</em></span> 
     </span>
     <span class='ocr_line' id='line_1_5' title="bbox 408 524 2556 591; baseline 0 -15"><span class='ocrx_word' id='word_1_38' title='bbox 408 544 594 577; x_wconf 83' lang='lat' dir='ltr'><em>nomen</em></span> <span class='ocrx_word' id='word_1_39' title='bbox 633 526 890 591; x_wconf 63' lang='lat' dir='ltr'><em>egregium</em></span> <span class='ocrx_word' id='word_1_40' title='bbox 930 542 1053 575; x_wconf 87' lang='lat' dir='ltr'><em>voce</em></span> <span class='ocrx_word' id='word_1_41' title='bbox 1093 524 1249 574; x_wconf 76' lang='lat' dir='ltr'><em>Tullii</em></span> <span class='ocrx_word' id='word_1_42' title='bbox 1290 525 1578 580; x_wconf 78' lang='lat' dir='ltr'><em>recalescit.</em></span> <span class='ocrx_word' id='word_1_43' title='bbox 1616 525 1663 572; x_wconf 91' lang='lat' dir='ltr'><em>in</em></span> <span class='ocrx_word' id='word_1_44' title='bbox 1705 525 1766 574; x_wconf 87' lang='lat' dir='ltr'><em>iis</em></span> <span class='ocrx_word' id='word_1_45' title='bbox 1818 542 1950 588; x_wconf 87' lang='lat' dir='ltr'><em>quae</em></span> <span class='ocrx_word' id='word_1_46' title='bbox 2006 532 2061 575; x_wconf 81' lang='lat' dir='ltr'><em>cle</em></span> <span class='ocrx_word' id='word_1_47' title='bbox 2120 532 2240 575; x_wconf 83' lang='lat' dir='ltr'><em>Fine</em></span> <span class='ocrx_word' id='word_1_48' title='bbox 2291 531 2556 577; x_wconf 77' lang='lat' dir='ltr'><em>Bonorum.</em></span> 
     </span>
     <span class='ocr_line' id='line_1_6' title="bbox 408 603 2559 670; baseline 0.001 -15"><span class='ocrx_word' id='word_1_49' title='bbox 408 606 574 670; x_wconf 85' lang='lat' dir='ltr'><em>Inquit</em></span> <span class='ocrx_word' id='word_1_50' title='bbox 612 605 745 652; x_wconf 80' lang='lat' dir='ltr'><em>enim</em></span> <span class='ocrx_word' id='word_1_51' title='bbox 785 604 977 652; x_wconf 82' lang='lat' dir='ltr'><em>Tullius</em></span> <span class='ocrx_word' id='word_1_52' title='bbox 1015 604 1113 653; x_wconf 86' lang='lat' dir='ltr'><em>hoc</em></span> <span class='ocrx_word' id='word_1_53' title='bbox 1153 605 1213 654; x_wconf 86' lang='lat' dir='ltr'><em>de</em></span> <span class='ocrx_word' id='word_1_54' title='bbox 1255 603 1458 653; x_wconf 86' lang='lat' dir='ltr'><em>Deciis:</em></span> <span class='ocrx_word' id='word_1_55' title='bbox 1499 607 1703 654; x_wconf 82' lang='lat' dir='ltr'><em>Publius</em></span> <span class='ocrx_word' id='word_1_56' title='bbox 1732 609 1925 664; x_wconf 65' lang='lat' dir='ltr'><em>Decius⁹</em></span> <span class='ocrx_word' id='word_1_57' title='bbox 1956 611 2183 668; x_wconf 78' lang='lat' dir='ltr'><em>princeps</em></span> <span class='ocrx_word' id='word_1_58' title='bbox 2223 612 2275 656; x_wconf 89' lang='lat' dir='ltr'><em>in</em></span> <span class='ocrx_word' id='word_1_59' title='bbox 2313 612 2366 655; x_wconf 81' lang='lat' dir='ltr'><em>ea</em></span> <span class='ocrx_word' id='word_1_60' title='bbox 2408 610 2559 669; x_wconf 75' lang='lat' dir='ltr'><em>fami·</em></span> 
     </span>
     <span class='ocr_line' id='line_1_7' title="bbox 409 681 2561 744; baseline 0.001 -11"><span class='ocrx_word' id='word_1_61' title='bbox 409 690 498 742; x_wconf 69' lang='lat' dir='ltr'><em>lici,</em></span> <span class='ocrx_word' id='word_1_62' title='bbox 540 685 749 739; x_wconf 73' lang='lat' dir='ltr'><em>Consul,</em></span> <span class='ocrx_word' id='word_1_63' title='bbox 790 688 900 732; x_wconf 72' lang='lat' dir='ltr'><em>cuin</em></span> <span class='ocrx_word' id='word_1_64' title='bbox 938 699 986 731; x_wconf 83' lang='lat' dir='ltr'><em>se</em></span> <span class='ocrx_word' id='word_1_65' title='bbox 1022 688 1292 740; x_wconf 66' lang='lat' dir='ltr'><em>devoveret,</em></span> <span class='ocrx_word' id='word_1_66' title='bbox 1331 690 1379 733; x_wconf 91' lang='lat' dir='ltr'><em>et</em></span> <span class='ocrx_word' id='word_1_67' title='bbox 1416 681 1535 744; x_wconf 37' lang='lat' dir='ltr'><em>eqvuo</em></span> <span class='ocrx_word' id='word_1_68' title='bbox 1575 688 1787 733; x_wconf 81' lang='lat' dir='ltr'><em>admisso</em></span> <span class='ocrx_word' id='word_1_69' title='bbox 1824 689 1876 733; x_wconf 82' lang='lat' dir='ltr'><em>in</em></span> <span class='ocrx_word' id='word_1_70' title='bbox 1912 690 2122 735; x_wconf 82' lang='lat' dir='ltr'><em>mediam</em></span> <span class='ocrx_word' id='word_1_71' title='bbox 2160 692 2314 734; x_wconf 84' lang='lat' dir='ltr'><em>aciem</em></span> <span class='ocrx_word' id='word_1_72' title='bbox 2352 689 2561 736; x_wconf 87' lang='lat' dir='ltr'><em>Latino-</em></span> 
     </span>
     <span class='ocr_line' id='line_1_8' title="bbox 407 765 2560 825; baseline 0.002 -16"><span class='ocrx_word' id='word_1_73' title='bbox 407 778 512 810; x_wconf 81' lang='lat' dir='ltr'><em>rum</em></span> <span class='ocrx_word' id='word_1_74' title='bbox 551 766 786 817; x_wconf 76' lang='lat' dir='ltr'><em>irrueret,-</em></span> <span class='ocrx_word' id='word_1_75' title='bbox 821 778 936 810; x_wconf 80' lang='lat' dir='ltr'><em>num</em></span> <span class='ocrx_word' id='word_1_76' title='bbox 972 765 1167 823; x_wconf 82' lang='lat' dir='ltr'><em>aliquid</em></span> <span class='ocrx_word' id='word_1_77' title='bbox 1206 766 1262 810; x_wconf 84' lang='lat' dir='ltr'><em>de</em></span> <span class='ocrx_word' id='word_1_78' title='bbox 1302 765 1631 822; x_wconf 63' lang='lat' dir='ltr'><em>voluptatibus</em></span> <span class='ocrx_word' id='word_1_79' title='bbox 1668 766 1771 810; x_wconf 81' lang='lat' dir='ltr'><em>suis</em></span> <span class='ocrx_word' id='word_1_80' title='bbox 1809 767 2073 823; x_wconf 66' lang='lat' dir='ltr'><em>coyilabat‚</em></span> <span class='ocrx_word' id='word_1_81' title='bbox 2111 769 2196 813; x_wconf 84' lang='lat' dir='ltr'><em>ubi</em></span> <span class='ocrx_word' id='word_1_82' title='bbox 2230 781 2310 813; x_wconf 86' lang='lat' dir='ltr'><em>eas</em></span> <span class='ocrx_word' id='word_1_83' title='bbox 2346 774 2560 825; x_wconf 77' lang='lat' dir='ltr'><em>caperet,</em></span> 
     </span>
     <span class='ocr_line' id='line_1_9' title="bbox 407 831 2562 904; baseline 0.001 -14"><span class='ocrx_word' id='word_1_84' title='bbox 407 850 492 891; x_wconf 81' lang='lat' dir='ltr'><em>aut</em></span> <span class='ocrx_word' id='word_1_85' title='bbox 529 849 748 901; x_wconf 75' lang='lat' dir='ltr'><em>quando,</em></span> <span class='ocrx_word' id='word_1_86' title='bbox 787 847 894 891; x_wconf 75' lang='lat' dir='ltr'><em>cum</em></span> <span class='ocrx_word' id='word_1_87' title='bbox 931 847 1078 890; x_wconf 79' lang='lat' dir='ltr'><em>sciret</em></span> <span class='ocrx_word' id='word_1_88' title='bbox 1115 845 1379 904; x_wconf 75' lang='lat' dir='ltr'><em>confestim</em></span> <span class='ocrx_word' id='word_1_89' title='bbox 1417 857 1516 890; x_wconf 82' lang='lat' dir='ltr'><em>esse</em></span> <span class='ocrx_word' id='word_1_90' title='bbox 1556 831 1882 904; x_wconf 67' lang='lat' dir='ltr'><em>moriendum,</em></span> <span class='ocrx_word' id='word_1_91' title='bbox 1926 859 2121 904; x_wconf 81' lang='lat' dir='ltr'><em>eamque</em></span> <span class='ocrx_word' id='word_1_92' title='bbox 2153 853 2359 894; x_wconf 82' lang='lat' dir='ltr'><em>mortem</em></span> <span class='ocrx_word' id='word_1_93' title='bbox 2385 849 2562 892; x_wconf 81' lang='lat' dir='ltr'><em>arden-</em></span> 
     </span>
     <span class='ocr_line' id='line_1_10' title="bbox 407 925 2562 986; baseline 0.001 -16"><span class='ocrx_word' id='word_1_94' title='bbox 407 928 530 971; x_wconf 77' lang='lat' dir='ltr'><em>tiore</em></span> <span class='ocrx_word' id='word_1_95' title='bbox 567 929 730 973; x_wconf 76' lang='lat' dir='ltr'><em>studio</em></span> <span class='ocrx_word' id='word_1_96' title='bbox 770 930 983 984; x_wconf 79' lang='lat' dir='ltr'><em>peteret,</em></span> <span class='ocrx_word' id='word_1_97' title='bbox 1022 927 1169 982; x_wconf 76' lang='lat' dir='ltr'><em>quum</em></span> <span class='ocrx_word' id='word_1_98' title='bbox 1205 925 1451 984; x_wconf 80' lang='lat' dir='ltr'><em>Epicu-rus</em></span> <span class='ocrx_word' id='word_1_99' title='bbox 1493 927 1790 984; x_wconf 79' lang='lat' dir='ltr'><em>voluptatem</em></span> <span class='ocrx_word' id='word_1_100' title='bbox 1838 931 2091 986; x_wconf 79' lang='lat' dir='ltr'><em>petendam</em></span> <span class='ocrx_word' id='word_1_101' title='bbox 2136 930 2333 985; x_wconf 75' lang='lat' dir='ltr'><em>putavit</em></span> <span class='ocrx_word' id='word_1_102' title='bbox 2357 926 2381 973; x_wconf 67' lang='lat'>2</span> <span class='ocrx_word' id='word_1_103' title='bbox 2422 927 2562 982; x_wconf 82' lang='lat' dir='ltr'><em>Quod</em></span> 
     </span>
     <span class='ocr_line' id='line_1_11' title="bbox 406 1006 2560 1067; baseline 0.001 -17"><span class='ocrx_word' id='word_1_104' title='bbox 406 1008 598 1062; x_wconf 78' lang='lat' dir='ltr'><em>quidem</em></span> <span class='ocrx_word' id='word_1_105' title='bbox 635 1009 738 1066; x_wconf 78' lang='lat' dir='ltr'><em>ejus</em></span> <span class='ocrx_word' id='word_1_106' title='bbox 772 1006 955 1064; x_wconf 80' lang='lat' dir='ltr'><em>saelum</em></span> <span class='ocrx_word' id='word_1_107' title='bbox 992 1008 1093 1051; x_wconf 73' lang='lat' dir='ltr'><em>nisi</em></span> <span class='ocrx_word' id='word_1_108' title='bbox 1132 1011 1249 1051; x_wconf 81' lang='lat' dir='ltr'><em>esset</em></span> <span class='ocrx_word' id='word_1_109' title='bbox 1275 1009 1390 1065; x_wconf 72' lang='lat' dir='ltr'><em>jure</em></span> <span class='ocrx_word' id='word_1_110' title='bbox 1433 1007 1690 1052; x_wconf 81' lang='lat' dir='ltr'><em>laudatum·</em></span> <span class='ocrx_word' id='word_1_111' title='bbox 1713 1038 1728 1060; x_wconf 88' lang='lat'><strong>‚</strong></span> <span class='ocrx_word' id='word_1_112' title='bbox 1765 1020 1864 1052; x_wconf 89' lang='lat' dir='ltr'><em>non</em></span> <span class='ocrx_word' id='word_1_113' title='bbox 1903 1008 2078 1067; x_wconf 79' lang='lat' dir='ltr'><em>fuisset</em></span> <span class='ocrx_word' id='word_1_114' title='bbox 2124 1011 2346 1054; x_wconf 83' lang='lat' dir='ltr'><em>imitatus</em></span> <span class='ocrx_word' id='word_1_115' title='bbox 2384 1012 2560 1065; x_wconf 83' lang='lat' dir='ltr'><em>quarto</em></span> 
     </span>
     <span class='ocr_line' id='line_1_12' title="bbox 405 1085 2561 1145; baseline 0.003 -17"><span class='ocrx_word' id='word_1_116' title='bbox 405 1085 665 1130; x_wconf 81' lang='lat' dir='ltr'><em>consulatu</em></span> <span class='ocrx_word' id='word_1_117' title='bbox 699 1098 785 1130; x_wconf 85' lang='lat' dir='ltr'><em>suo</em></span> <span class='ocrx_word' id='word_1_118' title='bbox 824 1085 989 1143; x_wconf 79' lang='lat' dir='ltr'><em>filius;</em></span> <span class='ocrx_word' id='word_1_119' title='bbox 1029 1097 1181 1143; x_wconf 82' lang='lat' dir='ltr'><em>neque</em></span> <span class='ocrx_word' id='word_1_120' title='bbox 1212 1087 1356 1143; x_wconf 20' lang='lat' dir='ltr'><em>‘porro</em></span> <span class='ocrx_word' id='word_1_121' title='bbox 1395 1096 1456 1128; x_wconf 68' lang='lat' dir='ltr'><em>ecc</em></span> <span class='ocrx_word' id='word_1_122' title='bbox 1493 1096 1544 1128; x_wconf 88' lang='lat' dir='ltr'><em>eo</em></span> <span class='ocrx_word' id='word_1_123' title='bbox 1584 1089 1748 1139; x_wconf 76' lang='lat' dir='ltr'><em>natus,</em></span> <span class='ocrx_word' id='word_1_124' title='bbox 1786 1087 1898 1130; x_wconf 75' lang='lat' dir='ltr'><em>cum</em></span> <span class='ocrx_word' id='word_1_125' title='bbox 1935 1087 2121 1143; x_wconf 75' lang='lat' dir='ltr'><em>Pyrrho</em></span> <span class='ocrx_word' id='word_1_126' title='bbox 2163 1087 2340 1133; x_wconf 86' lang='lat' dir='ltr'><em>bellum</em></span> <span class='ocrx_word' id='word_1_127' title='bbox 2396 1100 2561 1145; x_wconf 69' lang='lat' dir='ltr'><em>yerens</em></span> 
     </span>
     <span class='ocr_line' id='line_1_13' title="bbox 409 1164 2560 1223; baseline 0.002 -17"><span class='ocrx_word' id='word_1_128' title='bbox 409 1165 625 1220; x_wconf 75' lang='lat' dir='ltr'><em>Consul,</em></span> <span class='ocrx_word' id='word_1_129' title='bbox 664 1177 714 1210; x_wconf 91' lang='lat' dir='ltr'><em>eo</em></span> <span class='ocrx_word' id='word_1_130' title='bbox 755 1165 1006 1210; x_wconf 78' lang='lat' dir='ltr'><em>cecidisset</em></span> <span class='ocrx_word' id='word_1_131' title='bbox 1043 1165 1098 1208; x_wconf 84' lang='lat' dir='ltr'><em>in</em></span> <span class='ocrx_word' id='word_1_132' title='bbox 1134 1164 1363 1221; x_wconf 75' lang='lat' dir='ltr'><em>praelio,</em></span> <span class='ocrx_word' id='word_1_133' title='bbox 1399 1175 1541 1221; x_wconf 81' lang='lat' dir='ltr'><em>seque</em></span> <span class='ocrx_word' id='word_1_134' title='bbox 1593 1166 1639 1207; x_wconf 92' lang='lat' dir='ltr'><em>et</em></span> <span class='ocrx_word' id='word_1_135' title='bbox 1685 1164 1961 1211; x_wconf 86' lang='lat' dir='ltr'><em>continenti</em></span> <span class='ocrx_word' id='word_1_136' title='bbox 1996 1178 2164 1223; x_wconf 71' lang='lat' dir='ltr'><em>qenere</em></span> <span class='ocrx_word' id='word_1_137' title='bbox 2211 1166 2412 1211; x_wconf 81' lang='lat' dir='ltr'><em>tertiam</em></span> <span class='ocrx_word' id='word_1_138' title='bbox 2462 1167 2560 1211; x_wconf 75' lang='lat' dir='ltr'><em>vic-</em></span> 
     </span>
     <span class='ocr_line' id='line_1_14' title="bbox 408 1240 2557 1306; baseline -0 -15"><span class='ocrx_word' id='word_1_139' title='bbox 408 1246 580 1291; x_wconf 83' lang='lat' dir='ltr'><em>timam</em></span> <span class='ocrx_word' id='word_1_140' title='bbox 618 1245 933 1302; x_wconf 77' lang='lat' dir='ltr'><em>Reipublicae</em></span> <span class='ocrx_word' id='word_1_141' title='bbox 969 1246 1232 1291; x_wconf 78' lang='lat' dir='ltr'><em>tribuisset.</em></span> <span class='ocrx_word' id='word_1_142' title='bbox 1271 1248 1327 1291; x_wconf 87' lang='lat' dir='ltr'><em>In</em></span> <span class='ocrx_word' id='word_1_143' title='bbox 1363 1240 1427 1292; x_wconf 89' lang='lat' dir='ltr'><em>iis</em></span> <span class='ocrx_word' id='word_1_144' title='bbox 1466 1244 1591 1290; x_wconf 71' lang='lat' dir='ltr'><em>vero</em></span> <span class='ocrx_word' id='word_1_145' title='bbox 1630 1255 1763 1303; x_wconf 87' lang='lat' dir='ltr'><em>quae</em></span> <span class='ocrx_word' id='word_1_146' title='bbox 1801 1246 1854 1291; x_wconf 81' lang='lat' dir='ltr'><em>de</em></span> <span class='ocrx_word' id='word_1_147' title='bbox 1893 1243 2080 1306; x_wconf 75' lang='lat' dir='ltr'><em>Officiis</em></span> <span class='ocrx_word' id='word_1_148' title='bbox 2107 1280 2122 1301; x_wconf 79' lang='lat'><em>‚</em></span> <span class='ocrx_word' id='word_1_149' title='bbox 2159 1243 2221 1292; x_wconf 90' lang='lat' dir='ltr'><em>de</em></span> <span class='ocrx_word' id='word_1_150' title='bbox 2258 1247 2445 1294; x_wconf 84' lang='lat' dir='ltr'><em>Catone</em></span> <span class='ocrx_word' id='word_1_151' title='bbox 2484 1242 2557 1292; x_wconf 89' lang='lat' dir='ltr'><em>di-</em></span> 
     </span>
     <span class='ocr_line' id='line_1_15' title="bbox 407 1320 2557 1383; baseline 0 -15"><span class='ocrx_word' id='word_1_152' title='bbox 407 1320 584 1369; x_wconf 83' lang='lat' dir='ltr'><em>cebat:</em></span> <span class='ocrx_word' id='word_1_153' title='bbox 625 1324 739 1370; x_wconf 80' lang='lat' dir='ltr'><em>Non</em></span> <span class='ocrx_word' id='word_1_154' title='bbox 776 1326 900 1369; x_wconf 87' lang='lat' dir='ltr'><em>enim</em></span> <span class='ocrx_word' id='word_1_155' title='bbox 937 1325 1040 1370; x_wconf 75' lang='lat' dir='ltr'><em>alia</em></span> <span class='ocrx_word' id='word_1_156' title='bbox 1076 1324 1128 1368; x_wconf 88' lang='lat' dir='ltr'><em>in</em></span> <span class='ocrx_word' id='word_1_157' title='bbox 1167 1324 1319 1371; x_wconf 71' lang='lat' dir='ltr'><em>causti</em></span> <span class='ocrx_word' id='word_1_158' title='bbox 1355 1323 1423 1370; x_wconf 89' lang='lat' dir='ltr'><em>M.</em></span> <span class='ocrx_word' id='word_1_159' title='bbox 1462 1322 1580 1373; x_wconf 74' lang='lat' dir='ltr'><em>Cato</em></span> <span class='ocrx_word' id='word_1_160' title='bbox 1618 1324 1747 1383; x_wconf 80' lang='lat' dir='ltr'><em>fuit,</em></span> <span class='ocrx_word' id='word_1_161' title='bbox 1786 1325 1890 1372; x_wconf 74' lang='lat' dir='ltr'><em>alid</em></span> <span class='ocrx_word' id='word_1_162' title='bbox 1927 1326 2125 1378; x_wconf 81' lang='lat' dir='ltr'><em>caeleri,</em></span> <span class='ocrx_word' id='word_1_163' title='bbox 2151 1327 2307 1383; x_wconf 81' lang='lat' dir='ltr'><em>quise</em></span> <span class='ocrx_word' id='word_1_164' title='bbox 2344 1326 2399 1369; x_wconf 87' lang='lat' dir='ltr'><em>in</em></span> <span class='ocrx_word' id='word_1_165' title='bbox 2427 1322 2557 1383; x_wconf 77' lang='lat' dir='ltr'><em>Afri-</em></span> 
     </span>
     <span class='ocr_line' id='line_1_16' title="bbox 409 1404 2561 1467; baseline 0.005 -19"><span class='ocrx_word' id='word_1_166' title='bbox 409 1405 466 1449; x_wconf 74' lang='lat' dir='ltr'><em>ca</em></span> <span class='ocrx_word' id='word_1_167' title='bbox 504 1404 702 1450; x_wconf 76' lang='lat' dir='ltr'><em>Caesari</em></span> <span class='ocrx_word' id='word_1_168' title='bbox 740 1406 1082 1459; x_wconf 76' lang='lat' dir='ltr'><em>tradiderunt,-</em></span> <span class='ocrx_word' id='word_1_169' title='bbox 1124 1411 1265 1462; x_wconf 82' lang='lat' dir='ltr'><em>atque</em></span> <span class='ocrx_word' id='word_1_170' title='bbox 1304 1408 1511 1453; x_wconf 81' lang='lat' dir='ltr'><em>caeteris</em></span> <span class='ocrx_word' id='word_1_171' title='bbox 1545 1406 1717 1467; x_wconf 79' lang='lat' dir='ltr'><em>forsan</em></span> <span class='ocrx_word' id='word_1_172' title='bbox 1754 1408 1876 1455; x_wconf 86' lang='lat' dir='ltr'><em>vitio</em></span> <span class='ocrx_word' id='word_1_173' title='bbox 1915 1407 2084 1451; x_wconf 68' lang='lat' dir='ltr'><em>electum</em></span> <span class='ocrx_word' id='word_1_174' title='bbox 2126 1408 2278 1458; x_wconf 76' lang='lat' dir='ltr'><em>esset,</em></span> <span class='ocrx_word' id='word_1_175' title='bbox 2317 1406 2361 1449; x_wconf 71' lang='grc' dir='ltr'><em>δῖ’</em></span> <span class='ocrx_word' id='word_1_176' title='bbox 2396 1418 2444 1449; x_wconf 69' lang='lat' dir='ltr'><em>8ss</em></span> <span class='ocrx_word' id='word_1_177' title='bbox 2483 1406 2561 1448; x_wconf 85' lang='lat' dir='ltr'><em>in-</em></span> 
     </span>
     <span class='ocr_line' id='line_1_17' title="bbox 408 1485 2555 1545; baseline -0 -16"><span class='ocrx_word' id='word_1_178' title='bbox 408 1486 730 1540; x_wconf 77' lang='lat' dir='ltr'><em>teremissent,</em></span> <span class='ocrx_word' id='word_1_179' title='bbox 763 1491 1019 1543; x_wconf 78' lang='lat' dir='ltr'><em>propterea</em></span> <span class='ocrx_word' id='word_1_180' title='bbox 1054 1489 1179 1545; x_wconf 80' lang='lat' dir='ltr'><em>quod</em></span> <span class='ocrx_word' id='word_1_181' title='bbox 1216 1487 1375 1533; x_wconf 82' lang='lat' dir='ltr'><em>levior</em></span> <span class='ocrx_word' id='word_1_182' title='bbox 1410 1499 1572 1533; x_wconf 84' lang='lat' dir='ltr'><em>eorum</em></span> <span class='ocrx_word' id='word_1_183' title='bbox 1608 1490 1734 1543; x_wconf 73' lang='lat' dir='ltr'><em>rita,</em></span> <span class='ocrx_word' id='word_1_184' title='bbox 1771 1492 1815 1533; x_wconf 85' lang='lat' dir='ltr'><em>et</em></span> <span class='ocrx_word' id='word_1_185' title='bbox 1852 1498 2005 1532; x_wconf 83' lang='lat' dir='ltr'><em>mores</em></span> <span class='ocrx_word' id='word_1_186' title='bbox 2046 1485 2245 1545; x_wconf 82' lang='lat' dir='ltr'><em>suerunt</em></span> <span class='ocrx_word' id='word_1_187' title='bbox 2293 1485 2555 1544; x_wconf 74' lang='lat' dir='ltr'><em>faciliores.</em></span> 
     </span>
     <span class='ocr_line' id='line_1_18' title="bbox 407 1562 2561 1627; baseline 0.001 -21"><span class='ocrx_word' id='word_1_188' title='bbox 407 1562 580 1609; x_wconf 80' lang='lat' dir='ltr'><em>Catoni</em></span> <span class='ocrx_word' id='word_1_189' title='bbox 606 1569 715 1611; x_wconf 68' lang='lat' dir='ltr'><em>vero</em></span> <span class='ocrx_word' id='word_1_190' title='bbox 753 1566 864 1611; x_wconf 82' lang='lat' dir='ltr'><em>dum</em></span> <span class='ocrx_word' id='word_1_191' title='bbox 900 1567 1239 1612; x_wconf 72' lang='lat' dir='ltr'><em>incredibilem</em></span> <span class='ocrx_word' id='word_1_192' title='bbox 1276 1571 1461 1613; x_wconf 81' lang='lat' dir='ltr'><em>natura</em></span> <span class='ocrx_word' id='word_1_193' title='bbox 1497 1568 1749 1617; x_wconf 79' lang='lat' dir='ltr'><em>tribuisset</em></span> <span class='ocrx_word' id='word_1_194' title='bbox 1785 1569 2077 1627; x_wconf 70' lang='lat' dir='ltr'><em>qrarilalem</em></span> <span class='ocrx_word' id='word_1_195' title='bbox 2103 1599 2117 1621; x_wconf 82' lang='lat'>‚</span> <span class='ocrx_word' id='word_1_196' title='bbox 2157 1578 2353 1625; x_wconf 81' lang='lat' dir='ltr'><em>eamque</em></span> <span class='ocrx_word' id='word_1_197' title='bbox 2393 1577 2561 1622; x_wconf 85' lang='lat' dir='ltr'><em>perpe-</em></span> 
     </span>
     <span class='ocr_line' id='line_1_19' title="bbox 409 1646 2557 1706; baseline 0 -19"><span class='ocrx_word' id='word_1_198' title='bbox 409 1647 493 1690; x_wconf 75' lang='lat' dir='ltr'><em>tua</em></span> <span class='ocrx_word' id='word_1_199' title='bbox 530 1646 807 1692; x_wconf 72' lang='lat' dir='ltr'><em>constantia</em></span> <span class='ocrx_word' id='word_1_200' title='bbox 844 1647 1131 1700; x_wconf 67' lang='lat' dir='ltr'><em>roborasset„</em></span> <span class='ocrx_word' id='word_1_201' title='bbox 1166 1659 1444 1704; x_wconf 80' lang='lat' dir='ltr'><em>semperque</em></span> <span class='ocrx_word' id='word_1_202' title='bbox 1480 1650 1534 1694; x_wconf 84' lang='lat' dir='ltr'><em>in</em></span> <span class='ocrx_word' id='word_1_203' title='bbox 1569 1651 1813 1706; x_wconf 81' lang='lat' dir='ltr'><em>proposito</em></span> <span class='ocrx_word' id='word_1_204' title='bbox 1855 1653 2168 1705; x_wconf 77' lang='lat' dir='ltr'><em>susceptoque</em></span> <span class='ocrx_word' id='word_1_205' title='bbox 2205 1646 2406 1692; x_wconf 82' lang='lat' dir='ltr'><em>consilio</em></span> <span class='ocrx_word' id='word_1_206' title='bbox 2447 1656 2557 1703; x_wconf 78' lang='lat' dir='ltr'><em>per·-</em></span> 
     </span>
     <span class='ocr_line' id='line_1_20' title="bbox 407 1725 2471 1786; baseline 0.001 -18"><span class='ocrx_word' id='word_1_207' title='bbox 407 1727 690 1779; x_wconf 66' lang='lat' dir='ltr'><em>mansisset.</em></span> <span class='ocrx_word' id='word_1_208' title='bbox 726 1725 1026 1770; x_wconf 83' lang='lat' dir='ltr'><em>moriendum</em></span> <span class='ocrx_word' id='word_1_209' title='bbox 1067 1726 1112 1770; x_wconf 84' lang='lat' dir='ltr'><em>ei</em></span> <span class='ocrx_word' id='word_1_210' title='bbox 1142 1727 1309 1783; x_wconf 79' lang='lat' dir='ltr'><em>potius</em></span> <span class='ocrx_word' id='word_1_211' title='bbox 1334 1759 1348 1781; x_wconf 85' lang='lat'>,</span> <span class='ocrx_word' id='word_1_212' title='bbox 1388 1727 1534 1784; x_wconf 78' lang='lat' dir='ltr'><em>quam</em></span> <span class='ocrx_word' id='word_1_213' title='bbox 1571 1729 1775 1784; x_wconf 75' lang='lat' dir='ltr'><em>tyranni</em></span> <span class='ocrx_word' id='word_1_214' title='bbox 1811 1728 1974 1774; x_wconf 79' lang='lat' dir='ltr'><em>vultus</em></span> <span class='ocrx_word' id='word_1_215' title='bbox 2011 1727 2321 1785; x_wconf 78' lang='lat' dir='ltr'><em>aspiciendus</em></span> <span class='ocrx_word' id='word_1_216' title='bbox 2361 1725 2471 1786; x_wconf 75' lang='lat' dir='ltr'><em>fuit.</em></span> 
     </span>
    </p>
   </div>
   <div class='ocr_carea' id='block_1_3' title="bbox 1325 1963 1648 2013">
    <p class='ocr_par' dir='ltr' id='par_1_3' title="bbox 1325 1963 1648 2013">
     <span class='ocr_line' id='line_1_21' title="bbox 1325 1963 1648 2013; baseline 0 -4"><span class='ocrx_word' id='word_1_217' title='bbox 1325 1963 1532 2012; x_wconf 87' lang='lat' dir='ltr'><strong>CAPUT</strong></span> <span class='ocrx_word' id='word_1_218' title='bbox 1570 1966 1648 2013; x_wconf 84' lang='lat' dir='ltr'><em>VI.</em></span> 
     </span>
    </p>
   </div>
   <div class='ocr_carea' id='block_1_4' title="bbox 404 2199 2561 3626">
    <p class='ocr_par' dir='ltr' id='par_1_4' title="bbox 404 2199 2561 3626">
     <span class='ocr_line' id='line_1_22' title="bbox 477 2199 2553 2270; baseline -0.001 -18"><span class='ocrx_word' id='word_1_219' title='bbox 477 2199 797 2252; x_wconf 76' lang='lat' dir='ltr'><em>Declaranda</em></span> <span class='ocrx_word' id='word_1_220' title='bbox 833 2200 985 2267; x_wconf 82' lang='lat' dir='ltr'><em>igitur</em></span> <span class='ocrx_word' id='word_1_221' title='bbox 1022 2201 1120 2252; x_wconf 89' lang='lat' dir='ltr'><em>duo</em></span> <span class='ocrx_word' id='word_1_222' title='bbox 1158 2207 1310 2262; x_wconf 83' lang='lat' dir='ltr'><em>sunt3</em></span> <span class='ocrx_word' id='word_1_223' title='bbox 1351 2221 1566 2270; x_wconf 85' lang='lat' dir='ltr'><em>quorum</em></span> <span class='ocrx_word' id='word_1_224' title='bbox 1605 2221 1759 2256; x_wconf 89' lang='lat' dir='ltr'><em>unum</em></span> <span class='ocrx_word' id='word_1_225' title='bbox 1800 2210 1907 2265; x_wconf 81' lang='lat' dir='ltr'><em>est,</em></span> <span class='ocrx_word' id='word_1_226' title='bbox 1941 2204 2075 2270; x_wconf 87' lang='lat' dir='ltr'><em>quod</em></span> <span class='ocrx_word' id='word_1_227' title='bbox 2115 2204 2426 2270; x_wconf 79' lang='lat' dir='ltr'><em>quicumque</em></span> <span class='ocrx_word' id='word_1_228' title='bbox 2465 2201 2553 2250; x_wconf 91' lang='lat' dir='ltr'><em>bo-</em></span> 
     </span>
     <span class='ocr_line' id='line_1_23' title="bbox 412 2279 2560 2350; baseline -0 -21"><span class='ocrx_word' id='word_1_229' title='bbox 412 2296 533 2329; x_wconf 89' lang='lat' dir='ltr'><em>num</em></span> <span class='ocrx_word' id='word_1_230' title='bbox 574 2279 891 2346; x_wconf 81' lang='lat' dir='ltr'><em>reipublicae</em></span> <span class='ocrx_word' id='word_1_231' title='bbox 929 2281 1174 2340; x_wconf 67' lang='lat' dir='ltr'><em>intendit⁹</em></span> <span class='ocrx_word' id='word_1_232' title='bbox 1215 2280 1367 2331; x_wconf 88' lang='lat' dir='ltr'><em>finem</em></span> <span class='ocrx_word' id='word_1_233' title='bbox 1411 2284 1540 2350; x_wconf 82' lang='lat' dir='ltr'><em>juris</em></span> <span class='ocrx_word' id='word_1_234' title='bbox 1587 2283 1836 2334; x_wconf 81' lang='lat' dir='ltr'><em>intendit:</em></span> <span class='ocrx_word' id='word_1_235' title='bbox 1876 2282 2014 2332; x_wconf 88' lang='lat' dir='ltr'><em>aliud</em></span> <span class='ocrx_word' id='word_1_236' title='bbox 2053 2286 2128 2332; x_wconf 85' lang='lat' dir='ltr'><em>est</em></span> <span class='ocrx_word' id='word_1_237' title='bbox 2153 2317 2168 2339; x_wconf 80' lang='lat'><strong>‚</strong></span> <span class='ocrx_word' id='word_1_238' title='bbox 2207 2280 2346 2346; x_wconf 88' lang='lat' dir='ltr'><em>quod</em></span> <span class='ocrx_word' id='word_1_239' title='bbox 2381 2286 2560 2330; x_wconf 87' lang='lat' dir='ltr'><em>Roma-</em></span> 
     </span>
     <span class='ocr_line' id='line_1_24' title="bbox 410 2361 2559 2429; baseline -0.001 -18"><span class='ocrx_word' id='word_1_240' title='bbox 410 2378 505 2411; x_wconf 87' lang='lat' dir='ltr'><em>nus</em></span> <span class='ocrx_word' id='word_1_241' title='bbox 539 2363 761 2427; x_wconf 75' lang='lat' dir='ltr'><em>populus</em></span> <span class='ocrx_word' id='word_1_242' title='bbox 797 2362 1122 2429; x_wconf 86' lang='lat' dir='ltr'><em>subjiciendo</em></span> <span class='ocrx_word' id='word_1_243' title='bbox 1171 2363 1269 2412; x_wconf 86' lang='lat' dir='ltr'><em>sibi</em></span> <span class='ocrx_word' id='word_1_244' title='bbox 1310 2363 1526 2422; x_wconf 87' lang='lat' dir='ltr'><em>orbem,</em></span> <span class='ocrx_word' id='word_1_245' title='bbox 1583 2363 1776 2413; x_wconf 88' lang='lat' dir='ltr'><em>honum</em></span> <span class='ocrx_word' id='word_1_246' title='bbox 1829 2363 2093 2428; x_wconf 84' lang='lat' dir='ltr'><em>publicum</em></span> <span class='ocrx_word' id='word_1_247' title='bbox 2145 2361 2379 2410; x_wconf 77' lang='lat' dir='ltr'><em>intendit.</em></span> <span class='ocrx_word' id='word_1_248' title='bbox 2416 2365 2559 2410; x_wconf 89' lang='lat' dir='ltr'><em>Nunc</em></span> 
     </span>
     <span class='ocr_line' id='line_1_25' title="bbox 408 2439 2559 2508; baseline -0.002 -17"><span class='ocrx_word' id='word_1_249' title='bbox 408 2447 651 2506; x_wconf 80' lang='lat' dir='ltr'><em>arguatur</em></span> <span class='ocrx_word' id='word_1_250' title='bbox 688 2441 751 2491; x_wconf 85' lang='lat' dir='ltr'><em>ad</em></span> <span class='ocrx_word' id='word_1_251' title='bbox 787 2441 1106 2506; x_wconf 84' lang='lat' dir='ltr'><em>propositum</em></span> <span class='ocrx_word' id='word_1_252' title='bbox 1163 2441 1275 2493; x_wconf 84' lang='lat' dir='ltr'><em>sic:</em></span> <span class='ocrx_word' id='word_1_253' title='bbox 1313 2441 1612 2506; x_wconf 83' lang='lat' dir='ltr'><em>Quicunque</em></span> <span class='ocrx_word' id='word_1_254' title='bbox 1640 2441 1794 2491; x_wconf 87' lang='lat' dir='ltr'><em>finem</em></span> <span class='ocrx_word' id='word_1_255' title='bbox 1834 2441 1966 2508; x_wconf 87' lang='lat' dir='ltr'><em>juris</em></span> <span class='ocrx_word' id='word_1_256' title='bbox 2003 2439 2257 2497; x_wconf 88' lang='lat' dir='ltr'><em>intendit,</em></span> <span class='ocrx_word' id='word_1_257' title='bbox 2296 2455 2409 2489; x_wconf 88' lang='lat' dir='ltr'><em>cum</em></span> <span class='ocrx_word' id='word_1_258' title='bbox 2442 2439 2559 2505; x_wconf 86' lang='lat' dir='ltr'><em>jure</em></span> 
     </span>
     <span class='ocr_line' id='line_1_26' title="bbox 413 2516 2558 2587; baseline -0.001 -18"><span class='ocrx_word' id='word_1_259' title='bbox 413 2519 669 2586; x_wconf 80' lang='lat' dir='ltr'><em>graditur:</em></span> <span class='ocrx_word' id='word_1_260' title='bbox 709 2526 968 2570; x_wconf 88' lang='lat' dir='ltr'><em>Romanus</em></span> <span class='ocrx_word' id='word_1_261' title='bbox 1006 2520 1224 2585; x_wconf 87' lang='lat' dir='ltr'><em>populns</em></span> <span class='ocrx_word' id='word_1_262' title='bbox 1262 2521 1562 2587; x_wconf 88' lang='lat' dir='ltr'><em>subjicendo</em></span> <span class='ocrx_word' id='word_1_263' title='bbox 1599 2520 1699 2570; x_wconf 89' lang='lat' dir='ltr'><em>sibi</em></span> <span class='ocrx_word' id='word_1_264' title='bbox 1735 2520 1945 2578; x_wconf 83' lang='lat' dir='ltr'><em>orbem,</em></span> <span class='ocrx_word' id='word_1_265' title='bbox 1983 2517 2138 2568; x_wconf 92' lang='lat' dir='ltr'><em>finem</em></span> <span class='ocrx_word' id='word_1_266' title='bbox 2171 2517 2301 2586; x_wconf 85' lang='lat' dir='ltr'><em>juris</em></span> <span class='ocrx_word' id='word_1_267' title='bbox 2327 2516 2558 2575; x_wconf 86' lang='lat' dir='ltr'><em>intendit,</em></span> 
     </span>
     <span class='ocr_line' id='line_1_27' title="bbox 406 2599 2561 2667; baseline -0.002 -17"><span class='ocrx_word' id='word_1_268' title='bbox 406 2607 462 2651; x_wconf 86' lang='lat' dir='ltr'><em>ut</em></span> <span class='ocrx_word' id='word_1_269' title='bbox 499 2599 766 2650; x_wconf 84' lang='lat' dir='ltr'><em>manifeste</em></span> <span class='ocrx_word' id='word_1_270' title='bbox 805 2616 897 2664; x_wconf 79' lang='lat' dir='ltr'><em>per</em></span> <span class='ocrx_word' id='word_1_271' title='bbox 935 2599 1205 2665; x_wconf 85' lang='lat' dir='ltr'><em>superiora</em></span> <span class='ocrx_word' id='word_1_272' title='bbox 1242 2600 1292 2650; x_wconf 89' lang='lat' dir='ltr'><em>in</em></span> <span class='ocrx_word' id='word_1_273' title='bbox 1331 2601 1428 2652; x_wconf 86' lang='lat' dir='ltr'><em>isto</em></span> <span class='ocrx_word' id='word_1_274' title='bbox 1468 2601 1703 2667; x_wconf 84' lang='lat' dir='ltr'><em>Capitulo</em></span> <span class='ocrx_word' id='word_1_275' title='bbox 1741 2608 1817 2652; x_wconf 89' lang='lat' dir='ltr'><em>est</em></span> <span class='ocrx_word' id='word_1_276' title='bbox 1856 2600 2170 2666; x_wconf 80' lang='lat' dir='ltr'><em>probatum3</em></span> <span class='ocrx_word' id='word_1_277' title='bbox 2210 2615 2332 2666; x_wconf 82' lang='lat' dir='ltr'><em>ergo</em></span> <span class='ocrx_word' id='word_1_278' title='bbox 2379 2604 2561 2648; x_wconf 86' lang='lat' dir='ltr'><em>Roma-</em></span> 
     </span>
     <span class='ocr_line' id='line_1_28' title="bbox 404 2678 2557 2748; baseline -0.002 -17"><span class='ocrx_word' id='word_1_279' title='bbox 404 2697 503 2732; x_wconf 90' lang='lat' dir='ltr'><em>nus</em></span> <span class='ocrx_word' id='word_1_280' title='bbox 539 2681 758 2746; x_wconf 83' lang='lat' dir='ltr'><em>populus</em></span> <span class='ocrx_word' id='word_1_281' title='bbox 797 2680 1123 2748; x_wconf 86' lang='lat' dir='ltr'><em>subjiciendo</em></span> <span class='ocrx_word' id='word_1_282' title='bbox 1159 2680 1256 2731; x_wconf 89' lang='lat' dir='ltr'><em>sibi</em></span> <span class='ocrx_word' id='word_1_283' title='bbox 1296 2680 1518 2742; x_wconf 81' lang='lat' dir='ltr'><em>orbem,</em></span> <span class='ocrx_word' id='word_1_284' title='bbox 1555 2697 1671 2731; x_wconf 90' lang='lat' dir='ltr'><em>cum</em></span> <span class='ocrx_word' id='word_1_285' title='bbox 1704 2681 1822 2748; x_wconf 81' lang='lat' dir='ltr'><em>jure</em></span> <span class='ocrx_word' id='word_1_286' title='bbox 1863 2681 1960 2731; x_wconf 90' lang='lat' dir='ltr'><em>hoc</em></span> <span class='ocrx_word' id='word_1_287' title='bbox 1996 2678 2161 2736; x_wconf 83' lang='lat' dir='ltr'><em>fecit3</em></span> <span class='ocrx_word' id='word_1_288' title='bbox 2200 2685 2271 2739; x_wconf 86' lang='lat' dir='ltr'><em>et,</em></span> <span class='ocrx_word' id='word_1_289' title='bbox 2310 2695 2401 2743; x_wconf 84' lang='lat' dir='ltr'><em>per</em></span> <span class='ocrx_word' id='word_1_290' title='bbox 2440 2693 2557 2728; x_wconf 89' lang='lat' dir='ltr'><em>con-</em></span> 
     </span>
     <span class='ocr_line' id='line_1_29' title="bbox 408 2759 2561 2830; baseline -0.002 -19"><span class='ocrx_word' id='word_1_291' title='bbox 408 2778 657 2827; x_wconf 72' lang='lat' dir='ltr'><em>sequenS‚</em></span> <span class='ocrx_word' id='word_1_292' title='bbox 684 2762 746 2811; x_wconf 89' lang='lat' dir='ltr'><em>de</em></span> <span class='ocrx_word' id='word_1_293' title='bbox 767 2762 883 2828; x_wconf 86' lang='lat' dir='ltr'><em>jure</em></span> <span class='ocrx_word' id='word_1_294' title='bbox 911 2761 1009 2811; x_wconf 86' lang='lat' dir='ltr'><em>sibi</em></span> <span class='ocrx_word' id='word_1_295' title='bbox 1048 2761 1265 2813; x_wconf 83' lang='lat' dir='ltr'><em>adscivit</em></span> <span class='ocrx_word' id='word_1_296' title='bbox 1290 2763 1499 2829; x_wconf 82' lang='lat' dir='ltr'><em>Imperii</em></span> <span class='ocrx_word' id='word_1_297' title='bbox 1539 2763 1858 2830; x_wconf 85' lang='lat' dir='ltr'><em>dignitatem.</em></span> <span class='ocrx_word' id='word_1_298' title='bbox 1912 2766 2048 2821; x_wconf 84' lang='lat' dir='ltr'><em>Quae</em></span> <span class='ocrx_word' id='word_1_299' title='bbox 2081 2759 2344 2811; x_wconf 75' lang='lat' dir='ltr'><em>conclusio</em></span> <span class='ocrx_word' id='word_1_300' title='bbox 2393 2775 2461 2807; x_wconf 85' lang='lat' dir='ltr'><em>ex</em></span> <span class='ocrx_word' id='word_1_301' title='bbox 2509 2775 2561 2807; x_wconf 88' lang='lat' dir='ltr'><em>o-</em></span> 
     </span>
     <span class='ocr_line' id='line_1_30' title="bbox 409 2838 2559 2907; baseline -0.001 -18"><span class='ocrx_word' id='word_1_302' title='bbox 409 2841 616 2891; x_wconf 86' lang='lat' dir='ltr'><em>mnibus</em></span> <span class='ocrx_word' id='word_1_303' title='bbox 656 2840 937 2891; x_wconf 83' lang='lat' dir='ltr'><em>manifestis</em></span> <span class='ocrx_word' id='word_1_304' title='bbox 973 2840 1112 2891; x_wconf 85' lang='lat' dir='ltr'><em>illata</em></span> <span class='ocrx_word' id='word_1_305' title='bbox 1151 2847 1243 2891; x_wconf 87' lang='lat' dir='ltr'><em>est.</em></span> <span class='ocrx_word' id='word_1_306' title='bbox 1279 2840 1605 2894; x_wconf 84' lang='lat' dir='ltr'><em>Manifestum</em></span> <span class='ocrx_word' id='word_1_307' title='bbox 1646 2849 1725 2894; x_wconf 83' lang='lat' dir='ltr'><em>est</em></span> <span class='ocrx_word' id='word_1_308' title='bbox 1761 2845 1962 2901; x_wconf 70' lang='lat' dir='ltr'><em>autern,</em></span> <span class='ocrx_word' id='word_1_309' title='bbox 2001 2840 2137 2907; x_wconf 88' lang='lat' dir='ltr'><em>quod</em></span> <span class='ocrx_word' id='word_1_310' title='bbox 2173 2840 2386 2890; x_wconf 88' lang='lat' dir='ltr'><em>dicitur:</em></span> <span class='ocrx_word' id='word_1_311' title='bbox 2423 2838 2559 2902; x_wconf 88' lang='lat' dir='ltr'><em>quod</em></span> 
     </span>
     <span class='ocr_line' id='line_1_31' title="bbox 408 2916 2560 2989; baseline -0.001 -23"><span class='ocrx_word' id='word_1_312' title='bbox 408 2918 721 2983; x_wconf 85' lang='lat' dir='ltr'><em>quicumque</em></span> <span class='ocrx_word' id='word_1_313' title='bbox 759 2919 914 2968; x_wconf 88' lang='lat' dir='ltr'><em>finem</em></span> <span class='ocrx_word' id='word_1_314' title='bbox 962 2919 1089 2970; x_wconf 88' lang='lat' dir='ltr'><em>iuris</em></span> <span class='ocrx_word' id='word_1_315' title='bbox 1139 2921 1395 2980; x_wconf 85' lang='lat' dir='ltr'><em>intendit,</em></span> <span class='ocrx_word' id='word_1_316' title='bbox 1434 2938 1549 2971; x_wconf 90' lang='lat' dir='ltr'><em>cum</em></span> <span class='ocrx_word' id='word_1_317' title='bbox 1581 2922 1696 2989; x_wconf 87' lang='lat' dir='ltr'><em>jure</em></span> <span class='ocrx_word' id='word_1_318' title='bbox 1735 2921 1980 2987; x_wconf 85' lang='lat' dir='ltr'><em>graditur.</em></span> <span class='ocrx_word' id='word_1_319' title='bbox 2027 2920 2105 2970; x_wconf 86' lang='lat' dir='ltr'><em>Ad</em></span> <span class='ocrx_word' id='word_1_320' title='bbox 2152 2920 2296 2987; x_wconf 86' lang='lat' dir='ltr'><em>cujus</em></span> <span class='ocrx_word' id='word_1_321' title='bbox 2356 2916 2560 2968; x_wconf 88' lang='lat' dir='ltr'><em>eviden-</em></span> 
     </span>
     <span class='ocr_line' id='line_1_32' title="bbox 407 2996 2559 3066; baseline -0.001 -18"><span class='ocrx_word' id='word_1_322' title='bbox 407 2997 534 3048; x_wconf 86' lang='lat' dir='ltr'><em>tiam</em></span> <span class='ocrx_word' id='word_1_323' title='bbox 598 2999 1010 3057; x_wconf 81' lang='lat' dir='ltr'><em>advertendum‚</em></span> <span class='ocrx_word' id='word_1_324' title='bbox 1064 3000 1199 3065; x_wconf 89' lang='lat' dir='ltr'><em>quod</em></span> <span class='ocrx_word' id='word_1_325' title='bbox 1261 3000 1526 3066; x_wconf 79' lang='lat' dir='ltr'><em>quaelihet</em></span> <span class='ocrx_word' id='word_1_326' title='bbox 1579 3017 1661 3051; x_wconf 87' lang='lat' dir='ltr'><em>res</em></span> <span class='ocrx_word' id='word_1_327' title='bbox 1699 3006 1778 3051; x_wconf 89' lang='lat' dir='ltr'><em>est</em></span> <span class='ocrx_word' id='word_1_328' title='bbox 1816 3007 2029 3066; x_wconf 84' lang='lat' dir='ltr'><em>propter</em></span> <span class='ocrx_word' id='word_1_329' title='bbox 2085 2999 2309 3063; x_wconf 84' lang='lat' dir='ltr'><em>aliquem</em></span> <span class='ocrx_word' id='word_1_330' title='bbox 2369 2996 2559 3055; x_wconf 84' lang='lat' dir='ltr'><em>finem,</em></span> 
     </span>
     <span class='ocr_line' id='line_1_33' title="bbox 410 3077 2559 3147; baseline 0.001 -21"><span class='ocrx_word' id='word_1_331' title='bbox 410 3077 558 3130; x_wconf 81' lang='lat' dir='ltr'><em>aliter</em></span> <span class='ocrx_word' id='word_1_332' title='bbox 620 3085 753 3129; x_wconf 87' lang='lat' dir='ltr'><em>esset</em></span> <span class='ocrx_word' id='word_1_333' title='bbox 809 3080 1006 3139; x_wconf 85' lang='lat' dir='ltr'><em>otiosa;</em></span> <span class='ocrx_word' id='word_1_334' title='bbox 1069 3080 1207 3144; x_wconf 86' lang='lat' dir='ltr'><em>quod</em></span> <span class='ocrx_word' id='word_1_335' title='bbox 1247 3097 1359 3131; x_wconf 90' lang='lat' dir='ltr'><em>esse</em></span> <span class='ocrx_word' id='word_1_336' title='bbox 1417 3097 1516 3132; x_wconf 88' lang='lat' dir='ltr'><em>non</em></span> <span class='ocrx_word' id='word_1_337' title='bbox 1554 3086 1757 3147; x_wconf 79' lang='lat' dir='ltr'><em>potest,</em></span> <span class='ocrx_word' id='word_1_338' title='bbox 1797 3087 1851 3131; x_wconf 88' lang='lat' dir='ltr'><em>ut</em></span> <span class='ocrx_word' id='word_1_339' title='bbox 1888 3081 2119 3147; x_wconf 79' lang='lat' dir='ltr'><em>superius</em></span> <span class='ocrx_word' id='word_1_340' title='bbox 2158 3079 2444 3129; x_wconf 86' lang='lat' dir='ltr'><em>dicebatur.</em></span> <span class='ocrx_word' id='word_1_341' title='bbox 2495 3084 2559 3129; x_wconf 91' lang='lat' dir='ltr'><em>Et</em></span> 
     </span>
     <span class='ocr_line' id='line_1_34' title="bbox 411 3157 2559 3226; baseline 0.002 -22"><span class='ocrx_word' id='word_1_342' title='bbox 411 3157 843 3219; x_wconf 87' lang='lat' dir='ltr'><em>quemadmodum</em></span> <span class='ocrx_word' id='word_1_343' title='bbox 898 3159 1060 3209; x_wconf 89' lang='lat' dir='ltr'><em>omnis</em></span> <span class='ocrx_word' id='word_1_344' title='bbox 1096 3175 1178 3208; x_wconf 88' lang='lat' dir='ltr'><em>res</em></span> <span class='ocrx_word' id='word_1_345' title='bbox 1214 3165 1291 3210; x_wconf 90' lang='lat' dir='ltr'><em>est</em></span> <span class='ocrx_word' id='word_1_346' title='bbox 1329 3160 1394 3210; x_wconf 84' lang='lat' dir='ltr'><em>ad</em></span> <span class='ocrx_word' id='word_1_347' title='bbox 1434 3160 1690 3226; x_wconf 82' lang='lat' dir='ltr'><em>proprium</em></span> <span class='ocrx_word' id='word_1_348' title='bbox 1728 3159 1918 3218; x_wconf 74' lang='lat' dir='ltr'><em>finem,</em></span> <span class='ocrx_word' id='word_1_349' title='bbox 1960 3159 2033 3210; x_wconf 88' lang='lat' dir='ltr'><em>sic</em></span> <span class='ocrx_word' id='word_1_350' title='bbox 2071 3159 2237 3209; x_wconf 91' lang='lat' dir='ltr'><em>omnis</em></span> <span class='ocrx_word' id='word_1_351' title='bbox 2276 3158 2393 3208; x_wconf 84' lang='lat' dir='ltr'><em>finis</em></span> <span class='ocrx_word' id='word_1_352' title='bbox 2443 3173 2559 3224; x_wconf 87' lang='lat' dir='ltr'><em>pro-</em></span> 
     </span>
     <span class='ocr_line' id='line_1_35' title="bbox 411 3234 2557 3304; baseline 0.001 -21"><span class='ocrx_word' id='word_1_353' title='bbox 411 3234 576 3300; x_wconf 85' lang='lat' dir='ltr'><em>priam</em></span> <span class='ocrx_word' id='word_1_354' title='bbox 628 3234 782 3286; x_wconf 83' lang='lat' dir='ltr'><em>habet</em></span> <span class='ocrx_word' id='word_1_355' title='bbox 817 3253 926 3286; x_wconf 89' lang='lat' dir='ltr'><em>rem</em></span> <span class='ocrx_word' id='word_1_356' title='bbox 954 3275 968 3297; x_wconf 93' lang='lat'><em>‚</em></span> <span class='ocrx_word' id='word_1_357' title='bbox 1008 3239 1155 3304; x_wconf 87' lang='lat' dir='ltr'><em>cujus</em></span> <span class='ocrx_word' id='word_1_358' title='bbox 1213 3244 1291 3288; x_wconf 88' lang='lat' dir='ltr'><em>est</em></span> <span class='ocrx_word' id='word_1_359' title='bbox 1326 3237 1456 3289; x_wconf 89' lang='lat' dir='ltr'><em>finis.</em></span> <span class='ocrx_word' id='word_1_360' title='bbox 1513 3239 1652 3289; x_wconf 90' lang='lat' dir='ltr'><em>Unde</em></span> <span class='ocrx_word' id='word_1_361' title='bbox 1699 3238 2022 3304; x_wconf 80' lang='lat' dir='ltr'><em>impossibile</em></span> <span class='ocrx_word' id='word_1_362' title='bbox 2073 3244 2186 3297; x_wconf 83' lang='lat' dir='ltr'><em>est,</em></span> <span class='ocrx_word' id='word_1_363' title='bbox 2237 3237 2410 3303; x_wconf 86' lang='lat' dir='ltr'><em>aliqua</em></span> <span class='ocrx_word' id='word_1_364' title='bbox 2456 3237 2557 3286; x_wconf 89' lang='lat' dir='ltr'><em>duo</em></span> 
     </span>
     <span class='ocr_line' id='line_1_36' title="bbox 411 3314 2559 3383; baseline 0.001 -20"><span class='ocrx_word' id='word_1_365' title='bbox 411 3330 504 3380; x_wconf 88' lang='lat' dir='ltr'><em>per</em></span> <span class='ocrx_word' id='word_1_366' title='bbox 530 3331 582 3364; x_wconf 90' lang='lat' dir='ltr'><em>se</em></span> <span class='ocrx_word' id='word_1_367' title='bbox 607 3314 886 3380; x_wconf 75' lang='lat' dir='ltr'><em>loquendo,</em></span> <span class='ocrx_word' id='word_1_368' title='bbox 917 3318 967 3366; x_wconf 91' lang='lat' dir='ltr'><em>in</em></span> <span class='ocrx_word' id='word_1_369' title='bbox 1005 3321 1241 3382; x_wconf 79' lang='lat' dir='ltr'><em>quantum</em></span> <span class='ocrx_word' id='word_1_370' title='bbox 1284 3317 1420 3379; x_wconf 75' lang='lat' dir='ltr'><em>duo,</em></span> <span class='ocrx_word' id='word_1_371' title='bbox 1455 3318 1610 3369; x_wconf 90' lang='lat' dir='ltr'><em>finem</em></span> <span class='ocrx_word' id='word_1_372' title='bbox 1650 3320 1888 3370; x_wconf 90' lang='lat' dir='ltr'><em>eumdem</em></span> <span class='ocrx_word' id='word_1_373' title='bbox 1925 3319 2226 3379; x_wconf 77' lang='lat' dir='ltr'><em>intendere3</em></span> <span class='ocrx_word' id='word_1_374' title='bbox 2258 3323 2559 3383; x_wconf 86' lang='lat' dir='ltr'><em>sequeretur</em></span> 
     </span>
     <span class='ocr_line' id='line_1_37' title="bbox 411 3394 2556 3464; baseline 0.002 -21"><span class='ocrx_word' id='word_1_375' title='bbox 411 3394 545 3443; x_wconf 88' lang='lat' dir='ltr'><em>enim</em></span> <span class='ocrx_word' id='word_1_376' title='bbox 584 3394 721 3445; x_wconf 86' lang='lat' dir='ltr'><em>idem</em></span> <span class='ocrx_word' id='word_1_377' title='bbox 760 3396 1163 3458; x_wconf 84' lang='lat' dir='ltr'><em>inconveniens,</em></span> <span class='ocrx_word' id='word_1_378' title='bbox 1202 3400 1337 3464; x_wconf 86' lang='lat' dir='ltr'><em>quod</em></span> <span class='ocrx_word' id='word_1_379' title='bbox 1378 3400 1593 3449; x_wconf 87' lang='lat' dir='ltr'><em>alterum</em></span> <span class='ocrx_word' id='word_1_380' title='bbox 1632 3400 1829 3451; x_wconf 80' lang='lat' dir='ltr'><em>scilicet</em></span> <span class='ocrx_word' id='word_1_381' title='bbox 1867 3406 2004 3452; x_wconf 86' lang='lat' dir='ltr'><em>esset</em></span> <span class='ocrx_word' id='word_1_382' title='bbox 2043 3400 2248 3452; x_wconf 85' lang='lat' dir='ltr'><em>frustra.</em></span> <span class='ocrx_word' id='word_1_383' title='bbox 2283 3404 2402 3450; x_wconf 77' lang='lat' dir='ltr'><em>cum</em></span> <span class='ocrx_word' id='word_1_384' title='bbox 2431 3404 2556 3463; x_wconf 81' lang='lat' dir='ltr'><em>ergo</em></span> 
     </span>
     <span class='ocr_line' id='line_1_38' title="bbox 404 3472 2557 3544; baseline 0.002 -22"><span class='ocrx_word' id='word_1_385' title='bbox 404 3473 537 3541; x_wconf 88' lang='lat' dir='ltr'><em>juris</em></span> <span class='ocrx_word' id='word_1_386' title='bbox 569 3472 685 3525; x_wconf 87' lang='lat' dir='ltr'><em>finis</em></span> <span class='ocrx_word' id='word_1_387' title='bbox 723 3474 934 3540; x_wconf 90' lang='lat' dir='ltr'><em>quidem</em></span> <span class='ocrx_word' id='word_1_388' title='bbox 974 3476 1066 3534; x_wconf 82' lang='lat' dir='ltr'><em>sit,</em></span> <span class='ocrx_word' id='word_1_389' title='bbox 1106 3483 1158 3526; x_wconf 91' lang='lat' dir='ltr'><em>ut</em></span> <span class='ocrx_word' id='word_1_390' title='bbox 1188 3478 1295 3544; x_wconf 88' lang='lat' dir='ltr'><em>jam</em></span> <span class='ocrx_word' id='word_1_391' title='bbox 1336 3478 1652 3530; x_wconf 86' lang='lat' dir='ltr'><em>declaratum</em></span> <span class='ocrx_word' id='word_1_392' title='bbox 1681 3486 1791 3538; x_wconf 84' lang='lat' dir='ltr'><em>est;</em></span> <span class='ocrx_word' id='word_1_393' title='bbox 1831 3496 2039 3530; x_wconf 85' lang='lat' dir='ltr'><em>necesse</em></span> <span class='ocrx_word' id='word_1_394' title='bbox 2079 3487 2195 3539; x_wconf 87' lang='lat' dir='ltr'><em>est,</em></span> <span class='ocrx_word' id='word_1_395' title='bbox 2231 3478 2443 3528; x_wconf 86' lang='lat' dir='ltr'><em>fineillo</em></span> <span class='ocrx_word' id='word_1_396' title='bbox 2467 3493 2557 3542; x_wconf 84' lang='lat' dir='ltr'><em>po-</em></span> 
     </span>
     <span class='ocr_line' id='line_1_39' title="bbox 415 3551 2559 3626; baseline 0.001 -24"><span class='ocrx_word' id='word_1_397' title='bbox 415 3551 654 3620; x_wconf 78' lang='lat' dir='ltr'><em>sit0‚jus</em></span> <span class='ocrx_word' id='word_1_398' title='bbox 681 3554 798 3620; x_wconf 86' lang='lat' dir='ltr'><em>poni</em></span> <span class='ocrx_word' id='word_1_399' title='bbox 820 3592 834 3616; x_wconf 82' lang='lat'><strong>‚</strong></span> <span class='ocrx_word' id='word_1_400' title='bbox 860 3557 973 3605; x_wconf 76' lang='lat' dir='ltr'><em>cum</em></span> <span class='ocrx_word' id='word_1_401' title='bbox 999 3554 1063 3605; x_wconf 84' lang='lat' dir='ltr'><em>sit</em></span> <span class='ocrx_word' id='word_1_402' title='bbox 1101 3556 1331 3621; x_wconf 85' lang='lat' dir='ltr'><em>proprius</em></span> <span class='ocrx_word' id='word_1_403' title='bbox 1371 3562 1422 3608; x_wconf 87' lang='lat' dir='ltr'><em>et</em></span> <span class='ocrx_word' id='word_1_404' title='bbox 1458 3573 1551 3623; x_wconf 87' lang='lat' dir='ltr'><em>per</em></span> <span class='ocrx_word' id='word_1_405' title='bbox 1589 3574 1643 3609; x_wconf 92' lang='lat' dir='ltr'><em>se</em></span> <span class='ocrx_word' id='word_1_406' title='bbox 1673 3558 1805 3626; x_wconf 86' lang='lat' dir='ltr'><em>juris</em></span> <span class='ocrx_word' id='word_1_407' title='bbox 1842 3559 2070 3611; x_wconf 87' lang='lat' dir='ltr'><em>effectus.</em></span> <span class='ocrx_word' id='word_1_408' title='bbox 2106 3564 2168 3611; x_wconf 84' lang='lat' dir='ltr'><em>Et</em></span> <span class='ocrx_word' id='word_1_409' title='bbox 2203 3563 2315 3610; x_wconf 77' lang='lat' dir='ltr'><em>cum</em></span> <span class='ocrx_word' id='word_1_410' title='bbox 2342 3558 2394 3608; x_wconf 90' lang='lat' dir='ltr'><em>in</em></span> <span class='ocrx_word' id='word_1_411' title='bbox 2422 3556 2559 3607; x_wconf 88' lang='lat' dir='ltr'><em>omni</em></span> 
     </span>
    </p>
   </div>
  </div>
 </body>
</html>
