2696 4230
437 213 499 260 14
1062 227 1132 260 DE
1169 214 1480 262 MONAncmA
1517 213 1622 258 Lm.
1660 214 1701 267 I,
1739 211 1790 259 C.
1829 213 1959 258 VIII.

434 317 511 362 est
547 310 778 379 regulare
815 327 1010 370 omneS‚
1047 318 1100 362 et
1137 311 1276 377 leges
1309 309 1576 376 imponere
1610 309 1736 360 aliis.
1762 315 1967 374 Propter
1993 307 2130 375 qnod
2159 314 2558 374 proverbialiter

435 393 622 444 dicitur
659 396 711 455 a)
749 394 832 444 illa
871 392 1187 443 maledictio:
1227 395 1407 440 Parem
1441 394 1622 442 habeas
1660 397 1713 441 in
1752 398 1909 442 doma.
1957 390 2006 443 Si
2058 391 2437 445 consideremus
2484 398 2558 447 vi-

432 491 552 524 cum
591 491 741 524 unum
765 511 779 533 ‚
818 474 963 540 cujus
1000 472 1118 522 finis
1156 478 1233 524 est
1273 473 1543 523 commoda
1580 479 1683 523 tam
1721 489 2046 538 personarum
2087 490 2236 539 quam
2278 491 2446 524 rerum
2473 494 2561 526 au-

434 555 655 614 xiliatio,
692 571 843 604 unum
886 560 1090 618 oportet
1127 569 1242 603 esse
1278 555 1496 603 aliorum
1526 553 1888 619 regulatorem‚
1919 556 2000 606 vel
2030 557 2199 607 datum
2237 556 2300 605 ab
2329 557 2450 616 alio,
2479 558 2561 607 vel

438 652 505 684 ex
541 635 659 699 ipsis
694 635 1124 699 praeeminentem
1151 671 1166 694 ‚
1204 634 1634 708 consentientibus
1671 633 1818 686 aliis:
1859 636 2005 687 aliter
2042 639 2105 687 ad
2143 637 2285 687 illam
2336 644 2562 687 mutuam

439 715 783 764 sufficientiam
820 730 918 765 non
956 714 1119 765 solum
1154 731 1252 764 non
1279 714 1609 781 pertingitur,
1636 715 1724 765 sed
1749 716 2020 782 aliquando
2046 717 2278 783 pluribus
2313 717 2567 783 praeemi-

435 810 557 843 nere
597 795 919 854 volentibu5‚
956 796 1135 846 vicinia
1172 802 1275 846 tota
1311 796 1600 846 destruitur.
1628 796 1687 845 si
1727 802 1846 847 vero
1882 814 2031 849 unam
2078 799 2331 849 civitatem
2355 834 2369 857 ‚
2418 799 2561 865 cujus

436 874 552 924 finis
590 882 666 926 est
703 876 832 926 hene
871 876 1278 942 sufficienterque
1315 877 1489 926 vivere
1517 915 1531 937 ,
1570 894 1724 928 unum
1760 887 1962 954 oportet
1997 897 2109 930 esse
2149 882 2375 946 regimen
2403 881 2484 946 b);
2515 886 2566 929 et

436 953 531 1005 hoc
571 973 668 1007 non
705 957 865 1007 solum
904 958 954 1007 in
993 962 1131 1008 recta
1168 958 1342 1023 politia
1366 995 1380 1017 ,
1419 959 1510 1009 sed
1550 966 1599 1010 et
1632 960 1683 1008 in
1721 959 1949 1025 obliqua.
2007 963 2145 1021 Quod
2187 963 2226 1012 si
2266 961 2410 1012 aliter
2460 960 2567 1018 fiat,

436 1053 536 1086 non
574 1039 737 1088 solum
776 1038 891 1088 finis
930 1039 1062 1089 vitae
1101 1040 1260 1091 civilis
1298 1041 1542 1093 amittitur
1569 1078 1584 1100 ,
1622 1042 1711 1091 sed
1750 1049 1800 1093 et
1837 1043 2015 1093 civitas
2053 1044 2233 1095 desinit
2270 1060 2379 1094 esse
2427 1044 2565 1110 quod

441 1122 568 1166 erat.
609 1117 657 1167 Si
696 1117 918 1183 denique
963 1134 1116 1167 unum
1156 1136 1362 1187 regnum
1402 1120 1743 1186 particulare,
1781 1123 1925 1190 cujus
1960 1122 2075 1173 finis
2117 1132 2191 1174 est
2226 1124 2268 1175 is
2308 1125 2392 1190 qui
2447 1123 2571 1174 eivi-

439 1198 556 1248 tatis
580 1233 596 1258 ,
635 1215 749 1248 cum
794 1199 972 1266 majori
1007 1198 1194 1250 fiducia
1232 1217 1353 1252 suae
1388 1201 1766 1268 tranquillitatis
1804 1210 2001 1268 oportet
2037 1223 2148 1257 esse
2175 1213 2363 1273 Regem
2389 1221 2569 1264 unum,

436 1281 526 1346 qui
565 1286 704 1345 regat
740 1288 890 1344 atque
929 1279 1216 1346 gubernet:
1257 1281 1406 1331 aliter
1446 1298 1546 1333 non
1583 1283 1734 1334 modo
1771 1283 2044 1335 existentes
2097 1285 2146 1334 in
2199 1302 2356 1351 regno
2408 1284 2566 1336 finem

437 1377 536 1411 non
573 1369 948 1427 assequuntur,
987 1361 1076 1412 sed
1114 1368 1164 1412 et
1198 1379 1410 1428 regnum
1446 1364 1497 1413 in
1537 1363 1795 1415 interitum
1834 1364 2056 1425 labitur3
2090 1368 2235 1434 juxta
2272 1366 2400 1416 illud
2438 1366 2568 1417 inef-

436 1443 612 1494 fabilis
649 1445 898 1495 veritatis:
940 1448 1091 1497 Omna
1128 1460 1325 1506 reanum
1361 1449 1417 1493 in
1439 1451 1651 1508 seipsum
1681 1451 1895 1497 divisum
1920 1453 2232 1499 desolabitur.
2266 1449 2314 1499 Si
2344 1465 2462 1515 ergo
2494 1449 2566 1499 sic

438 1541 492 1575 se
532 1526 687 1576 habet
713 1528 761 1576 in
790 1527 1016 1595 singulis,
1057 1544 1184 1592 quae
1222 1528 1287 1578 ad
1313 1544 1467 1577 unum
1506 1529 1713 1594 aliquod
1755 1529 2089 1589 ordinantur3
2128 1547 2300 1581 verum
2331 1530 2571 1595 estquod

439 1607 713 1656 assumitur
748 1623 912 1672 supra.
949 1611 1089 1657 Nunc
1127 1612 1320 1657 constat
1355 1607 1489 1670 quod
1528 1616 1691 1659 totum
1731 1608 2006 1660 humanum
2036 1625 2195 1676 genus
2220 1611 2481 1663 ordinatur
2505 1610 2569 1661 ad

436 1704 612 1748 unum,
650 1693 700 1738 ut
734 1689 838 1755 jam
877 1694 1259 1753 praeostensum
1298 1686 1419 1748 fuit3
1456 1705 1576 1756 ergo
1615 1705 1771 1739 unum
1810 1698 2009 1754 oportet
2046 1708 2157 1742 esse
2183 1692 2434 1758 regulam,
2464 1692 2570 1742 sive

434 1786 660 1835 regens:
699 1777 749 1819 et
787 1769 885 1818 hoc
922 1775 1176 1829 Monarca,
1212 1771 1320 1820 sive
1358 1775 1636 1836 Imperator
1671 1770 1768 1820 dici
1809 1772 1980 1822 debet.
2017 1778 2078 1823 Et
2104 1774 2175 1824 sic
2216 1781 2383 1839 patet,
2435 1773 2572 1839 quod

436 1851 499 1901 ad
540 1850 671 1901 bene
709 1866 819 1900 esse
858 1851 1065 1911 mundi,
1103 1868 1310 1903 necesse
1349 1859 1427 1902 est
1464 1852 1806 1904 Monarchiam
1845 1871 1984 1914 esse,
2024 1855 2131 1906 sive
2169 1855 2468 1921 Imperium.

1325 2019 1521 2066 CAPUT
1563 2021 1694 2067 VIII.

504 2181 567 2226 Et
604 2175 729 2226 sicut
769 2193 821 2226 se
862 2175 1021 2227 habet
1059 2190 1174 2241 pars
1212 2175 1273 2225 ad
1313 2178 1471 2224 totum
1499 2211 1513 2234 9
1554 2176 1627 2225 sic
1665 2176 1788 2226 ordo
1827 2177 2055 2243 partialis
2093 2177 2156 2227 ad
2198 2177 2425 2230 totalem.
2452 2185 2575 2230 Pars

437 2255 501 2305 ad
540 2263 696 2306 totum
736 2274 788 2306 se
826 2256 981 2307 habet
1007 2293 1022 2316 ,
1059 2256 1189 2306 sicut
1228 2255 1288 2304 ad
1325 2254 1477 2305 finem
1518 2262 1567 2305 et
1604 2256 1875 2320 optimum.
1914 2263 2044 2323 Ergo
2084 2266 2135 2310 et
2173 2259 2299 2308 ordo
2327 2259 2377 2307 in
2404 2269 2574 2326 parte,

438 2337 500 2387 ad
539 2336 763 2386 ordinem
804 2337 853 2384 in
891 2341 1030 2393 toto,
1072 2336 1203 2387 sicut
1240 2336 1304 2384 ad
1338 2333 1490 2385 finem
1532 2342 1582 2385 et
1621 2334 1883 2398 optimum.
1921 2342 1997 2386 Ex
2037 2352 2138 2399 quo
2175 2336 2410 2396 habetur,
2440 2340 2579 2404 quod

437 2416 642 2467 bonitas
677 2417 867 2468 ordinis
906 2415 1131 2482 partialis
1166 2431 1265 2464 non
1303 2414 1510 2467 excedit
1548 2415 1818 2465 bonitatem
1857 2415 2019 2465 totalis
2044 2416 2267 2474 ordinist,
2296 2418 2387 2466 sed
2417 2421 2577 2486 magis

438 2515 465 2549 e
506 2513 770 2549 converso.
808 2502 930 2548 Cum
969 2513 1090 2564 ergo
1129 2495 1320 2560 duplex
1374 2495 1498 2545 ordo
1551 2494 1835 2558 reperiatur
1890 2495 1940 2544 in
1978 2495 2133 2545 rebus
2159 2530 2174 2554 ‚
2212 2496 2337 2545 ordo
2382 2498 2580 2550 scilicet

439 2578 656 2646 partium
685 2579 814 2628 inter
852 2595 940 2638 se,
979 2584 1030 2627 et
1068 2577 1193 2627 ordo
1231 2577 1450 2642 partium
1489 2577 1551 2627 ad
1587 2577 1796 2641 aliquod
1832 2592 1987 2626 unum
2027 2576 2161 2641 quod
2191 2593 2287 2627 non
2321 2584 2396 2629 est
2423 2597 2574 2645 pars:

439 2661 511 2712 sic
549 2662 673 2713 ordo
714 2663 931 2727 partium
991 2658 1254 2712 exercitus
1305 2659 1436 2708 inter
1486 2673 1577 2715 se,
1617 2663 1664 2707 et
1701 2657 1827 2707 ordo
1882 2672 2056 2705 earum
2098 2657 2160 2706 ad
2197 2656 2395 2706 ducem.
2436 2660 2577 2710 Ordo

437 2741 650 2807 partium
690 2743 750 2792 ad
788 2757 941 2792 unum
981 2746 1056 2790 est
1093 2738 1307 2796 melior,
1344 2745 1581 2804 tanquam
1610 2735 1721 2786 finis
1748 2736 1992 2793 alterius;
2034 2742 2109 2785 est
2136 2735 2268 2784 enim
2298 2737 2441 2788 aliter
2468 2757 2582 2805 pro-

438 2829 552 2890 pter
589 2823 755 2882 hunc,
790 2840 890 2875 non
927 2839 955 2873 e
1006 2836 1268 2872 converso,
1306 2819 1444 2871 Unde
1501 2818 1539 2868 si
1597 2816 1764 2868 forma
1801 2817 1951 2885 hujus
2007 2816 2201 2866 ordinis
2240 2820 2492 2882 reperitur
2528 2821 2578 2870 in

437 2905 665 2972 partibus
705 2905 958 2956 humanae
996 2900 1362 2960 multitudinis;
1402 2898 1564 2949 multo
1604 2899 1763 2965 magis
1799 2898 1984 2948 dicitur
2004 2898 2218 2963 reperiri
2244 2897 2295 2947 in
2322 2899 2428 2964 ipsa
2454 2901 2580 2950 mul-

438 2986 672 3046 titudine,
696 2987 801 3036 sive
838 2986 1103 3049 totalitate,
1140 3000 1231 3048 per
1267 2983 1370 3033 vim
1408 2980 1689 3050 syllogismi
1725 2980 2026 3046 praemissi3
2066 2997 2180 3030 cum
2221 2979 2285 3031 sit
2322 2981 2449 3031 ordo
2476 2998 2583 3032 me-

440 3067 575 3126 lior,
614 3067 721 3117 sive
760 3067 925 3118 forma
979 3065 1191 3116 ordinis,
1230 3063 1328 3116 Sed
1365 3062 1615 3126 reperitur
1674 3060 1724 3109 in
1770 3061 2008 3111 omnibus
2062 3060 2290 3125 partibus
2329 3059 2579 3113 humanae

441 3148 815 3207 multitudinis3
854 3154 907 3198 ut
943 3164 1034 3214 per
1069 3163 1128 3197 ea
1165 3162 1293 3212 quae
1347 3144 1483 3194 dicta
1521 3151 1634 3194 sunt
1685 3141 1733 3191 in
1778 3141 2009 3206 Capitulo
2060 3141 2425 3206 praecedenti,
2462 3143 2582 3194 satis

444 3235 521 3279 est
558 3228 919 3281 manifestum:
958 3246 1077 3295 ergo
1115 3234 1166 3279 et
1201 3227 1249 3277 in
1285 3226 1394 3293 ipsa
1431 3224 1676 3276 totalitate
1715 3223 1924 3287 reperiri
1975 3223 2145 3273 debet.
2191 3227 2252 3273 Et
2292 3223 2365 3272 sic
2404 3240 2579 3274 omnes

442 3317 615 3376 partes
653 3317 995 3376 praenotatae,
1022 3311 1170 3361 etsie
1206 3310 1319 3375 ipsa
1357 3307 1602 3374 regimina
1639 3308 1706 3374 c),
1733 3313 1784 3357 et
1819 3305 1926 3369 ipsa
1960 3321 2111 3370 regna
2142 3304 2361 3355 ordinari
2389 3305 2578 3354 debent

448 3391 512 3441 ad
548 3406 702 3440 unum
742 3390 1060 3457 principem,
1115 3391 1222 3441 sive
1274 3388 1645 3456 principatum3
1686 3387 1780 3437 hoc
1824 3391 1938 3444 est,
1975 3385 2038 3435 ad
2073 3383 2395 3436 Monarcham
2422 3419 2437 3442 ,
2474 3383 2577 3432 sive

445 3472 814 3522 Monarchiam.

504 3653 548 3707 α)
582 3656 632 3697 C.
663 3657 775 3697 Ven.
806 3658 950 3699 datur.
1603 3650 1644 3707 c)
1678 3653 1724 3696 C.
1757 3653 1871 3698 Ven.
1903 3652 1997 3695 sic:
2032 3651 2152 3703 vulg.
2183 3646 2299 3700 infra
2326 3654 2480 3699 regma.

511 3711 551 3765 b)
587 3712 657 3755 Sic
690 3724 793 3756 cum
826 3715 874 3756 C.
903 3714 1033 3756 Ven.:
1064 3710 1183 3775 yutg.
1211 3719 1405 3763 reanum.
