2696 4230
383 202 446 249 5⁷4
1011 211 1082 247 ms
1116 198 1427 248 MONARcmA
1459 200 1563 248 Lm.
1597 202 1664 258 II,
1704 198 1756 249 C.
1795 201 1903 248 VII.

386 301 751 367 consequentia
784 298 1102 366 impossibile
1141 298 1205 349 sit
1242 298 1437 349 habere
1474 299 1783 350 antecedens
1818 299 2014 365 absque
2052 306 2431 365 consequente3
2475 308 2530 355 ut

384 378 653 430 hominem
691 381 796 430 sine
833 378 1075 437 animali,
1111 378 1241 428 sicut
1290 383 1427 442 patet
1463 378 1801 428 construendo
1850 383 1899 427 et
1934 378 2253 427 destruendo
2287 398 2297 425 :
2331 380 2402 428 sic
2439 382 2534 430 im·

384 460 630 522 possibile
671 466 777 517 est,
807 457 934 523 juris
969 455 1123 506 finem
1160 471 1412 521 quaerere
1450 456 1557 505 sine
1587 457 1740 522 jure,
1778 459 1894 506 cum
1920 456 2181 521 quaelibet
2206 472 2292 506 res
2331 457 2394 507 ad
2422 473 2542 522 pro-

385 538 554 601 prium
593 539 750 587 finem
789 554 843 586 se
883 536 1107 595 habeat,
1143 535 1287 586 velut
1323 550 1643 601 consequens
1679 536 1744 585 ad
1780 535 2111 585 antecedens:
2148 550 2267 585 nam
2308 536 2542 601 impossi-

386 615 491 664 hile
520 620 625 672 est,
665 615 849 663 bonam
887 614 1233 665 valetudinem
1260 614 1611 663 membrorum
1650 614 1898 679 attingere
1938 614 2043 664 sine
2071 614 2299 664 sanitate.
2323 621 2542 680 Propter

389 692 524 756 quod
563 691 936 743 evidentissime
972 697 1146 758 patet,
1203 691 1339 758 quod
1391 681 1548 741 finem
1579 692 1709 760 juris
1746 692 2094 743 intendentem
2126 728 2141 751 ,
2180 700 2387 757 oportet
2423 709 2541 743 cum

379 771 495 835 jure
532 769 834 829 intendere3
876 786 969 820 nec
1005 771 1138 821 valet
1161 771 1415 831 instantia,
1456 786 1586 835 quae
1625 772 1688 820 de
1726 771 1898 820 verbis
1937 770 2240 836 Philosophi
2281 772 2544 822 eubuliam

387 850 745 914 pertractantis
768 850 883 901 elici
903 851 1069 910 solet,
1110 851 1236 901 dicit
1272 852 1424 908 enim,
1455 852 1544 902 sed
1583 856 1632 901 et
1658 850 1757 902 hoc
1793 850 1925 901 falso
1966 852 2300 920 syllogismo:
2343 853 2545 903 sortiri,

388 930 524 993 quod
563 930 774 995 quidem
813 936 1018 997 oportet
1055 931 1245 992 sortiri,
1274 932 1440 981 sortiri
1468 937 1712 997 oportet3
1751 948 1841 996 per
1894 934 2032 996 quod
2068 938 2255 992 autem,
2279 949 2413 983 non:
2453 933 2546 982 sed

387 1006 574 1057 falsum
614 1010 843 1060 medium
882 1011 1158 1061 terminum
1198 1027 1329 1061 esse.
1367 1016 1492 1060 Nam
1531 1010 1574 1061 si
1612 1027 1676 1060 ex
1723 1010 2039 1079 syllogismis
2075 1029 2258 1063 verum
2299 1012 2545 1078 quodam·

387 1087 541 1137 modo
579 1089 933 1149 concluditur,
971 1089 1071 1140 hoc
1110 1097 1188 1141 est
1222 1106 1316 1156 per
1354 1090 1591 1141 accidens
1616 1127 1631 1150 ,
1685 1091 1736 1141 in
1775 1096 2016 1155 quantum
2058 1093 2187 1143 illud
2230 1109 2411 1143 verum
2451 1092 2545 1140 im-

386 1173 612 1232 portatur
667 1185 762 1236 per
823 1185 977 1221 voces
1027 1169 1313 1230 illationis3
1354 1187 1448 1237 per
1500 1188 1554 1222 se
1594 1171 1730 1221 enim
1776 1188 1957 1222 verum
1994 1189 2257 1238 nunquam
2313 1173 2548 1239 sequitur

387 1262 454 1296 ex
489 1246 667 1298 falsis:
706 1250 848 1316 signa
884 1254 1054 1300 tamen
1092 1250 1204 1300 veri
1243 1250 1377 1300 bene
1417 1256 1702 1316 sequuntur
1740 1267 1808 1301 ex
1845 1251 2037 1317 signiS,
2077 1267 2207 1317 quae
2247 1259 2364 1303 sunt
2401 1253 2548 1318 signa

386 1325 535 1386 falsi3
574 1329 649 1379 sic
686 1337 737 1381 et
768 1330 820 1379 in
857 1329 1232 1397 operabilibuS.
1265 1334 1413 1388 Nam,
1450 1328 1571 1379 licet
1605 1328 1689 1379 fur
1716 1330 1778 1380 de
1806 1329 1945 1380 furto
1984 1329 2255 1382 subveniat
2295 1331 2543 1397 pauperi,

386 1422 486 1457 non
525 1412 691 1458 tamen
729 1409 1062 1478 eleemosyna
1099 1410 1370 1461 dicendum
1409 1415 1516 1461 est:
1571 1409 1663 1459 sed
1703 1416 1781 1461 est
1819 1410 1950 1461 actio
2004 1410 2254 1475 quaedam
2278 1446 2293 1469 ,
2335 1428 2464 1476 quae
2506 1411 2549 1462 si

388 1487 450 1537 de
489 1488 698 1552 propria
736 1490 1023 1541 substantia
1059 1488 1246 1548 fieret,
1287 1488 1650 1557 eleemosynae
1689 1487 1912 1538 formam
1939 1488 2172 1539 haberet.
2201 1489 2449 1540 Similiter
2474 1497 2550 1541 est

388 1567 452 1616 de
490 1566 592 1616 fine
624 1567 783 1635 juris:
825 1570 943 1634 quia
978 1569 1020 1619 si
1074 1569 1251 1629 aliud,
1305 1576 1362 1621 ut
1398 1567 1513 1618 finis
1551 1567 1711 1633 ipsius
1744 1568 1872 1636 juris
1898 1604 1912 1626 ,
1959 1568 2158 1634 absque
2189 1569 2308 1636 jure
2347 1568 2551 1618 obtine-

388 1652 561 1707 retur,
600 1649 665 1698 ita
707 1657 843 1701 esset
873 1650 1006 1717 juris
1044 1649 1195 1710 finis,
1229 1650 1330 1700 hoc
1368 1656 1448 1700 est
1483 1649 1673 1699 honum
1712 1664 2016 1708 eommune3
2044 1649 2174 1699 sicut
2199 1647 2446 1699 exhibitio
2470 1648 2548 1698 fa-

391 1736 474 1779 cta
511 1729 573 1777 de
614 1728 746 1777 male
786 1729 1036 1793 acquisito
1074 1735 1154 1779 est
1207 1729 1567 1796 eleemosyna:
1608 1734 1660 1780 et
1697 1727 1803 1788 sic,
1841 1732 1955 1777 cum
1994 1728 2045 1777 in
2082 1728 2432 1793 propositione
2470 1729 2545 1779 di—

389 1812 530 1855 catur
566 1807 628 1856 de
666 1805 767 1857 fine
798 1807 930 1874 juris
967 1809 1250 1867 existente,
1287 1824 1388 1859 non
1426 1816 1599 1860 tamen
1641 1814 1918 1875 apparente
1942 1844 1958 1867 ,
1996 1807 2236 1859 instantia
2272 1807 2413 1860 nulla
2450 1815 2545 1860 est.

390 1891 537 1936 Patet
575 1886 766 1954 igitur,
805 1888 942 1953 quod
984 1887 1344 1955 quaerebatur.

1290 2128 1489 2176 CAPUT
1527 2127 1630 2175 VII.

460 2369 522 2414 Et
557 2362 688 2413 illud
727 2363 865 2430 quod
903 2367 1079 2415 natura
1116 2362 1400 2423 ordinavit,
1439 2363 1501 2412 de
1531 2364 1648 2429 jure
1689 2366 1955 2421 servatur3
1986 2366 2166 2413 natura
2193 2362 2402 2414 enimin
2428 2381 2547 2431 pro-

388 2442 608 2493 videndo
645 2459 744 2494 non
781 2442 957 2494 deficit
992 2443 1058 2492 ab
1099 2443 1317 2494 bominis
1369 2441 1722 2507 providentia:
1760 2441 1880 2507 quia
1927 2442 1966 2491 si
2004 2441 2285 2503 deficeret,
2325 2444 2542 2496 effectus

389 2527 656 2587 superaret
691 2537 920 2572 caussam
959 2522 1008 2571 in
1044 2521 1317 2582 honitate3
1356 2521 1492 2587 quod
1529 2527 1607 2571 est
1641 2520 1986 2586 impossibile.
2027 2521 2125 2571 Sed
2164 2537 2256 2573 nos
2285 2522 2544 2583 videmus,

390 2602 527 2668 quod
564 2602 616 2652 in
654 2602 889 2669 collegiis
926 2602 1249 2653 instituendis
1273 2638 1289 2660 ,
1340 2617 1438 2651 uon
1477 2601 1639 2652 solum
1687 2602 1811 2652 ordo
1865 2602 2184 2668 collegarum
2223 2603 2287 2653 ad
2323 2604 2544 2656 invicem

389 2683 748 2733 consideratur
784 2684 850 2733 ab
887 2681 1186 2735 instituente
1213 2717 1229 2741 ‚
1268 2681 1360 2732 sed
1394 2688 1446 2731 et
1482 2679 1699 2731 facultas
1738 2681 1801 2730 ad
1840 2679 2004 2729 officia
2043 2682 2371 2731 exercenda:
2410 2683 2548 2748 quod

389 2768 464 2813 est
502 2763 831 2814 considerare
871 2762 1141 2813 terminum
1173 2763 1305 2831 juris
1338 2762 1388 2811 in
1426 2761 1686 2827 collegio,
1723 2761 1805 2811 vel
1841 2760 1891 2810 in
1930 2761 2143 2820 ordine;
2182 2778 2280 2811 non
2304 2763 2438 2812 enim
2461 2764 2547 2830 jus

391 2843 691 2894 extenditur
713 2844 843 2895 ultra
869 2859 1035 2909 posse.
1057 2846 1191 2909 Ergo
1229 2827 1303 2892 ab'
1327 2843 1425 2893 hac
1462 2842 1784 2907 providentia
1820 2849 1998 2892 natura
2023 2857 2124 2891 non
2162 2841 2336 2894 deficit
2360 2843 2410 2892 in
2439 2842 2546 2892 suis

388 2923 650 2974 ordinatis.
688 2930 908 2989 Propter
946 2922 1083 2988 quod
1136 2927 1310 2988 patet,
1347 2922 1487 2986 quod
1542 2927 1721 2971 natura
1779 2921 1979 2971 ordinat
2017 2936 2099 2969 res
2149 2936 2266 2970 cum
2305 2916 2544 2987 respectu

388 3020 597 3054 suarum
635 3003 975 3062 facultatum3
1015 3003 1101 3070 qui
1139 3009 1412 3068 respectus
1450 3009 1527 3054 est
1563 3002 1952 3052 fundamentum
1984 3001 2116 3068 juris
2154 3001 2204 3051 in
2225 3002 2382 3052 rebus
2408 3017 2437 3052 a
2462 3019 2547 3055 na-

385 3087 497 3132 tura
536 3083 782 3147 positum.
818 3089 895 3133 Ex
933 3099 1035 3148 quo
1073 3081 1340 3148 sequitur,
1399 3082 1535 3149 quod
1589 3082 1716 3133 ordo
1770 3080 2016 3132 naturalis
2052 3082 2104 3130 in
2144 3081 2306 3130 rebus
2343 3082 2543 3147 absque

387 3162 501 3228 jure
541 3163 734 3211 servari
773 3179 874 3213 non
912 3160 1106 3227 possit,
1143 3165 1255 3211 cum
1294 3160 1716 3228 inseparabiliter
1763 3160 1900 3226 juris
1945 3158 2334 3212 fundamentum
2373 3161 2545 3233 ordini

388 3241 452 3290 sit
487 3255 762 3291 annexum.
800 3246 1019 3293 Necesse
1056 3246 1132 3292 est
1164 3241 1358 3308 igitur,
1397 3242 1535 3306 quod
1573 3241 1816 3307 quicquid
1842 3247 2021 3292 natura
2051 3240 2322 3297 ordinavit,
2347 3241 2543 3307 dejure

389 3323 582 3373 servari
621 3322 824 3375 debeat.
864 3329 1117 3377 Romanus
1152 3323 1377 3391 populus
1412 3323 1478 3376 ad
1530 3323 1887 3390 imperandum
1927 3323 2187 3374 ordinatus
2237 3321 2335 3374 fuit
2387 3338 2414 3373 a
2454 3338 2543 3374 na-
