2696 4230
381 241 479 288 ΜΞ).
986 254 1053 316 Βιῑ
1091 244 1406 291 ΜοΝΛιιεΠιΑ
1447 245 1551 290 Lm.
1594 248 1684 301 ΙΙΙ,
1721 247 1770 292 C.
1808 249 1912 293 XV.

379 346 434 388 et
471 338 654 388 falsum
696 339 760 388 ab
802 354 910 388 csse
950 340 1046 397 rei,
1086 341 1165 390 vel
1207 357 1302 390 uon
1343 358 1454 392 esse
1493 344 1543 392 in
1590 345 1819 394 oratione
1871 352 2140 406 causatum
2193 354 2247 398 ut
2286 351 2509 407 doctrina

377 420 895 467 Pir-aedicammnorum
933 434 1025 467 nos
1063 418 1226 468 docet.
1267 421 1581 470 sufficienter
1605 424 1755 488 igitur
1781 441 1871 488 per
1895 434 2190 491 argumenta
2229 432 2514 492 superiora,

381 497 615 547 ducendo
654 499 714 546 ad
755 497 1135 558 inconvenieus,
1172 500 1446 564 probatum
1486 509 1564 554 est
1602 506 1957 556 auctoritatem
1998 508 2209 573 Imperii
2237 509 2302 558 ab
2341 511 2515 561 Eccle-

382 578 458 628 sia
496 578 702 626 minime
743 578 1050 642 dependere.

1280 713 1480 792 cAPui
1518 745 1624 792 xv.

445 894 584 945 Licet
617 895 666 944 in
706 897 1031 960 praecedenti
1070 895 1319 961 Capitale,
1346 898 1575 949 ducendo
1614 899 1677 949 ad
1714 900 2095 959 inconveniens,
2136 907 2392 952 ostensum
2433 902 2517 962 sit,

374 976 729 1025 auctoritatem
771 977 981 1042 Imperii
1018 977 1082 1027 ab
1120 978 1425 1028 auctoritate
1479 980 1666 1029 summi
1704 980 1958 1030 pontificis
2010 997 2105 1029 non
2145 983 2378 1039 causari3
2419 1000 2519 1033 non

375 1060 548 1105 tamen
590 1057 793 1106 omnino
834 1058 1106 1121 probatum
1148 1065 1257 1116 est,
1296 1058 1462 1121 ipsam
1504 1059 1801 1109 immediate
1841 1060 2205 1125 dependere‘a
2246 1069 2382 1122 Deo,
2424 1065 2519 1113 nisi

376 1153 442 1186 cx
479 1137 829 1199 consequenti.
885 1142 1212 1202 Consequens
1271 1138 1406 1188 enim
1449 1145 1556 1196 est,
1593 1139 1632 1188 si
1673 1141 1735 1188 ab
1775 1139 1887 1204 ipso
1932 1141 2018 1190 Dei
2056 1142 2248 1191 vicario
2288 1159 2383 1192 non
2425 1144 2512 1192 de·

378 1216 609 1280 pendet,
648 1217 780 1281 quod
819 1233 846 1265 a
884 1221 990 1265 Deo
1028 1218 1296 1282 dependat.
1334 1222 1394 1266 Et
1431 1217 1584 1277 ideo,
1623 1219 1683 1266 ad
1724 1217 1997 1282 perfectam
2041 1220 2516 1271 determinationem

377 1297 640 1361 propositi,
665 1289 916 1347 ostensive
945 1297 1268 1361 probandum
1298 1307 1394 1355 est,
1428 1305 1822 1363 Imperatorem,
1849 1300 1956 1349 sive
1984 1302 2152 1350 mundi
2181 1303 2509 1352 Monarcham

377 1377 680 1426 immediate
736 1394 787 1426 se
847 1377 1044 1426 habere
1099 1377 1162 1425 ad
1199 1377 1478 1443 principem
1519 1379 1764 1435 universi,
1817 1378 1903 1443 qui
1941 1383 2073 1427 Deus
2111 1387 2209 1430 est.
2248 1380 2324 1429 Ad
2366 1380 2515 1447 hujus

377 1463 547 1507 autem
587 1457 967 1523 intelligentiam
1009 1458 1309 1516 sciendum,
1350 1459 1485 1522 quod
1526 1458 1681 1507 homo
1722 1458 1860 1507 solus
1897 1459 1945 1508 in
1983 1459 2190 1509 entibus
2230 1466 2373 1511 tenet
2409 1476 2514 1508 me-

376 1537 519 1586 dium
562 1531 972 1601 corruptibilium
1014 1543 1062 1586 et
1105 1537 1564 1602 incorruptibilium
1607 1537 1696 1601 a);
1738 1544 1947 1602 propter
1984 1538 2118 1602 quod
2166 1543 2300 1587 recte
2341 1552 2367 1585 a
2408 1536 2519 1601 phi-

373 1617 605 1682 losophis
632 1616 945 1668 assimilatur
966 1617 1232 1676 horizonti,
1271 1618 1355 1682 qui
1384 1624 1461 1668 est.
1486 1617 1713 1666 medium
1742 1617 1959 1666 (luorum
1991 1617 2515 1681 hemisphaeriorum.

370 1704 496 1749 Nam
520 1699 695 1756 homo,
717 1702 755 1751 si
777 1700 1128 1751 consideretur
1145 1699 1417 1747 secundum
1443 1702 1710 1760 utramque
1730 1704 1926 1760 partem
1949 1696 2292 1753 essentialem,
2314 1695 2513 1746 scilicet

372 1780 591 1828 animam
617 1787 667 1829 et
685 1779 1247 1844 corpus,corruptibilis
1265 1783 1354 1827 est:
1376 1777 1415 1826 si
1442 1776 1793 1825 consideretur
1815 1781 2004 1827 tantum
2031 1777 2308 1826 secundnm
2333 1794 2509 1835 unum,

371 1856 571 1907 scilicet
605 1859 884 1907 secundum
927 1859 1172 1913 animam,
1212 1852 1618 1917 incorruptibilis
1657 1860 1744 1903 est.
1784 1860 1995 1917 Propter
2022 1855 2155 1917 quod
2197 1855 2325 1904 bene
2352 1855 2518 1906 Philo-

376 1935 564 2001 sophus
591 1936 753 2001 inquit
793 1937 853 1985 de
880 1922 1021 2001 ipso,
1040 1941 1189 1999 prout
1209 1933 1616 1996 incorruptibilis
1643 1942 1737 1989 est,
1764 1933 1811 1980 in
1840 1934 2065 1984 secundo
2091 1940 2145 1983 de
2172 1934 2371 1991 Anima,
2401 1938 2517 1984 cum

369 2016 526 2064 dixit:
566 2020 634 2064 Et
669 2022 824 2067 solum
864 2019 952 2064 hoc
990 2021 1234 2076 conlingyit
1267 2019 1507 2072 separari,
1536 2020 1776 2077 tanquam
1803 2022 2096 2075 perpetuum,
2126 2030 2155 2063 a
2191 2019 2519 2075 corruptibili.

371 2095 421 2144 Si
464 2112 585 2159 ergo
623 2095 771 2144 homo
811 2095 1037 2143 medium
1081 2101 1157 2142 est
1195 2094 1447 2158 quoddam
1492 2094 1903 2156 corruptibilium
1946 2100 1994 2142 et
2029 2095 2518 2157 incorruptibilium,

372 2180 482 2223 cum
525 2192 675 2223 omne
717 2176 942 2224 medium
987 2175 1144 2237 sapiat
1182 2183 1409 2223 naturam
1453 2180 1847 2231 extremorum,
1888 2190 2098 2224 necesse
2125 2182 2221 2229 est,
2251 2174 2512 2223 hominem

368 2270 553 2317 sapere
594 2260 864 2318 utramque
904 2261 1153 2302 naturam.
1211 2259 1270 2303 Et
1308 2269 1421 2301 cum
1465 2252 1632 2301 omnis
1672 2260 1849 2301 natura
1891 2254 1951 2302 ad
1993 2253 2227 2303 ultimum
2265 2254 2514 2318 quendam

367 2332 520 2380 finem
563 2334 845 2390 ordinetur,
885 2333 1216 2395 consequitur
1243 2367 1258 2388 ,
1299 2339 1351 2381 ut
1391 2331 1616 2379 hominis·
1647 2332 1836 2396 duplex
1878 2331 1990 2380 finis
2030 2333 2232 2382 existat.
2287 2338 2347 2382 Et
2389 2332 2520 2382 sicut

366 2412 503 2460 inter
543 2414 711 2462 omnia
752 2414 883 2461 entia
925 2413 1063 2461 solus
1109 2410 1644 2474 incorruptibilitatem
1687 2418 1737 2460 et
1778 2413 2263 2474 corruptibilitatem
2318 2413 2517 2477 partici-

367 2499 490 2553 pat;
535 2492 607 2541 sic
650 2493 788 2541 solus
826 2494 958 2542 inter
994 2491 1162 2539 omnia
1203 2491 1357 2547 entia,
1396 2491 1444 2538 in
1485 2490 1585 2538 duo
1626 2490 1806 2538 ultima
1846 2489 2150 2538 ordinetur:
2189 2507 2404 2553 quorum
2445 2492 2518 2540 al-

367 2578 535 2618 terum
577 2571 638 2620 sit
677 2570 792 2619 finis
832 2571 960 2636 ejus,
998 2575 1148 2636 prout
1186 2569 1565 2633 corruptibili&
1605 2569 1820 2616 alterum
1862 2573 2019 2626 νονὸθ
2061 2575 2213 2633 prout
2250 2570 2518 2635 incorrup-

366 2648 540 2698 tibilis.
582 2654 716 2697 Duos
754 2650 912 2714 igitur
952 2647 1076 2697 fines
1114 2648 1441 2698 Providentia
1480 2646 1566 2695 illa
1606 2647 1965 2695 inenarrabilis
2014 2647 2208 2715 homilni
2251 2650 2519 2714 proposuit

367 2728 740 2787 intendendos3
778 2730 1142 2778 beatitudiuem
1185 2729 1384 2778 scilicet
1424 2728 1571 2794 hujus
1609 2728 1767 2784 vitae,
1807 2745 1937 2792 quae
1976 2729 2026 2776 in
2065 2729 2366 2793 operatione
2405 2746 2521 2792 pro-

369 2808 516 2873 priae
579 2809 777 2859 virtutis
839 2809 1101 2867 consistit,
1142 2809 1205 2858 'et
1257 2823 1350 2872 per
1407 2812 1705 2856 terrestrem
1757 2807 2056 2856 Paradisum
2117 2805 2405 2872 figuratur,
2469 2814 2519 2858 et

370 2889 746 2939 beatitudinem
789 2891 917 2939 vitae
957 2897 1214 2946 aeternae,
1254 2906 1385 2954 quae
1425 2888 1656 2938 consistit
1694 2889 1743 2936 in
1781 2887 2030 2938 fruitione
2070 2887 2224 2936 divini
2265 2894 2515 2952 aspectus:

367 2967 431 3016 ad
473 2985 622 3032 quam
666 2969 826 3018 virtus
866 2970 1069 3033 propria
1109 2968 1389 3018 ascendere
1418 2984 1513 3016 non
1541 2975 1728 3032 potest,
1770 2968 1866 3016 nisi
1899 2967 2090 3016 lumine
2118 2967 2289 3016 divino
2328 2968 2517 3034 adjuta,

367 3062 497 3107 quae
538 3063 629 3111 per
667 3047 963 3096 Paradisum
1006 3048 1280 3096 coelestem
1321 3046 1532 3111 intelligi
1572 3047 1731 3095 datur.
1790 3047 1867 3095 Ad
1912 3048 2002 3096 has
2042 3045 2244 3109 quidem
2300 3046 2519 3096 beatitu-

368 3124 532 3184 dines,
567 3127 702 3175 velut
741 3127 802 3174 ad
845 3126 1075 3174 diversas
1114 3124 1490 3182 conclusiones,
1531 3142 1621 3190 per
1649 3125 1846 3175 diversa
1880 3126 2043 3174 media
2081 3125 2255 3174 venire
2294 3131 2514 3189 oportet.

368 3208 495 3253 Nam
539 3204 598 3252 ad
644 3203 885 3268 primam,
930 3220 1022 3267 per
1059 3203 1409 3268 philosophica
1449 3205 1755 3253 documenta
1795 3206 2031 3254 venimus
2059 3242 2072 3264 ,
2111 3204 2389 3254 dummodo
2426 3203 2517 3252 illa

368 3283 682 3346 sequamur,
723 3282 1003 3331 secundum
1042 3283 1261 3332 virtutes
1314 3281 1538 3332 morales
1596 3289 1647 3332 et
1685 3282 2064 3333 intellectuales
2102 3281 2373 3346 operando.
2436 3280 2515 3330 Ad

368 3362 649 3411 secundam
702 3377 825 3411 vero
852 3398 866 3421 ,
909 3380 1000 3427 per
1039 3364 1343 3413 documenta
1382 3362 1665 3427 spiritualia
1693 3397 1707 3420 ,
1748 3378 1875 3426 quae
1929 3363 2203 3410 humanam
2263 3362 2513 3411 rationem

368 3442 725 3493 transcendunt
763 3444 831 3510 b),
871 3445 1155 3494 dummodo
1181 3444 1268 3492 illa
1296 3458 1574 3508 sequamur
1606 3442 1882 3491 secund-[tm
1913 3442 2128 3490 virtutes
2172 3439 2515 3505 Theologicas

369 3520 651 3584 operando,
674 3522 847 3572 Fidem
878 3523 1093 3582 scilicet,
1131 3528 1282 3587 Spem
1316 3530 1368 3573 et
1396 3521 1727 3572 Charitatem.
1766 3527 1870 3570 Has
1896 3521 2047 3587 igitur
2073 3519 2424 3570 conclusiones
2465 3525 2516 3569 et

425 3667 471 3721 a)
503 3669 553 3709 In
586 3669 695 3710 Cod.
723 3670 817 3710 Vat.
850 3671 1252 3720 incorruptibilium
1275 3669 1407 3709 deest
1531 3667 1573 3720 b)
1608 3669 1679 3710 Sic
1712 3678 1816 3710 cum
1847 3669 1928 3710 PF.
1965 3671 2010 3710 et
2038 3668 2149 3711 Cod.
2182 3667 2273 3710 Vat.
2306 3667 2357 3710 In
2390 3667 2512 3719 vulg.

369 3724 671 3831 tsizicgrztoinsra
704 3726 747 3766 in
779 3727 1057 3777 paragrapho
1092 3735 1206 3776 quac
1239 3726 1405 3774 incipit:
1478 3726 1736 3778 trascendit,
1773 3735 1863 3769 non
1895 3724 2033 3766 recte.

2685 2336 2692 2353 ο
2695 2307 2696 2310 „
2674 2005 2696 2269 222..-..·s,-ffl·.1,¹2.2„
2694 1983 2696 1986 .
2691 1959 2696 1966 .
2688 1931 2695 1946 ,Α
2687 1901 2692 1914 ψ-
2674 1861 2696 1874 j
