2696 4230
493 234 555 278 38
1129 243 1197 276 m:
1235 233 1550 278 MoNAncfflA
1589 232 1691 276 Lm.
1730 232 1791 286 11,
1826 231 1878 277 C.
1918 233 1983 276 ΙΙ.

485 334 722 389 ipsorum.
763 334 902 379 Haec
944 326 1185 392 equidem
1226 326 1326 374 duo
1365 324 1487 376 fient
1524 326 1870 380 sufficienter.
1909 327 1949 375 si
1980 329 2250 381 secundam
2278 327 2470 396 partem
2497 350 2639 397 prae-

492 409 644 458 sentis
683 406 922 472 propositi
961 411 1303 469 prosequutus
1339 404 1522 463 fuere,
1561 413 1610 455 et
1650 407 1883 456 instantis
1925 409 2239 470 quaestionis
2267 410 2537 460 veritatem
2567 429 2645 461 os-

497 487 721 535 tendam.
759 490 882 534 Nam
921 496 1012 545 per
1050 481 1183 538 hoc,
1222 483 1359 546 quod
1399 489 1677 533 Romanum
1718 483 1996 548 imperium
2042 486 2241 552 dejure
2269 487 2462 547 fuisse,
2502 505 2646 539 mon-

494 566 773 619 strabitur„
809 577 908 609 non
948 560 1111 610 solum
1150 561 1215 611 ab
1256 562 1422 613 oculis
1470 564 1784 627 Principum,
1823 562 1909 627 qui
1938 564 2282 628 gubernacula
2307 554 2514 630 publica
2540 567 2646 616 sibi

494 647 778 704 usurpant,
819 640 916 687 hoc
954 640 1126 702 ipsum
1166 640 1230 689 de
1268 647 1496 709 Romano
1535 642 1724 706 populo
1749 641 2063 691 mendaciter
2091 643 2438 692 existimantes
2462 680 2475 700 ‚
2505 644 2646 709 igno-

496 722 692 770 rantiae
731 719 918 768 nebula
955 719 1189 777 eluetur3
1230 720 1319 769 sed
1360 721 1604 770 mortales
1642 737 1822 771 omnes
1860 737 1973 771 esse
2013 738 2068 770 se
2110 721 2306 773 liberos
2345 739 2373 771 a
2407 723 2533 789 jugo
2572 725 2644 774 sic

491 800 839 863 usurpantium
881 806 1259 862 recognoscent.
1298 800 1495 851 Veritas
1548 809 1717 850 autem
1766 802 2078 865 quaestionis
2131 811 2305 867 patere
2344 810 2510 867 potest
2547 821 2648 854 non

491 879 651 927 solum
692 877 884 926 lumine
922 878 1133 927 rationis
1170 877 1456 937 humanae,
1495 879 1585 929 sed
1625 886 1674 928 et
1713 880 1856 928 radio
1895 879 2092 931 divinae
2132 882 2473 931 authoritatis.
2503 887 2644 940 Quae

497 959 598 1006 duo
637 962 751 1006 cum
789 957 943 1006 simul
983 957 1042 1006 ad
1083 973 1235 1005 unum
1277 966 1620 1017 concurrunt,
1658 958 1856 1008 coelum
1899 966 1950 1009 et
1985 966 2172 1009 terram
2214 960 2362 1008 simui
2392 961 2642 1009 assentire

486 1053 695 1086 necesse
733 1042 819 1086 est.
860 1038 1016 1101 Igitur
1052 1035 1272 1086 fiduciae
1311 1043 1636 1100 praenotatae
1676 1039 1915 1095 innixus,
1955 1047 2006 1088 et
2031 1041 2321 1090 testimonio
2351 1040 2564 1090 rationis
2591 1045 2648 1091 et

496 1103 822 1178 authoritatis
860 1115 1049 1175 fretnS,
1087 1115 1150 1166 ad
1188 1116 1461 1167 secundam
1504 1117 1858 1179 quaestionem
1899 1119 2238 1168 dirimendam
2278 1118 2553 1183 ingredior.

1418 1360 1615 1407 CAPUT
1654 1362 1711 1406 11.

564 1520 839 1580 Postquam
879 1516 1217 1574 sufficienter,
1271 1515 1547 1565 secundum
1607 1515 1742 1578 quod
1781 1512 1997 1565 materia
2054 1511 2281 1578 patitur,
2329 1510 2395 1560 de
2434 1509 2647 1559 veritate

490 1595 686 1657 primae
726 1595 1062 1646 dubitationis
1100 1595 1394 1658 inquisitum
1435 1603 1545 1652 est3
1574 1594 1724 1645 instat
1760 1610 1887 1643 nunc
1928 1594 1991 1642 de
2032 1593 2244 1642 veritate
2283 1593 2539 1640 secundae
2572 1590 2649 1639 in-

488 1675 733 1736 quirere:
768 1675 867 1724 hoc
908 1682 1020 1733 est,
1057 1683 1230 1724 utrum
1268 1680 1524 1723 Romanus
1563 1672 1782 1738 populus
1820 1672 1882 1721 de
1913 1670 2166 1737 jurcrsibi
2210 1668 2452 1719 asciverit
2478 1673 2644 1733 Impe-

487 1753 548 1801 rii
578 1753 894 1819 dignitatem.
922 1755 1075 1820 Cujus
1103 1744 1313 1819 quidem
1352 1753 1663 1819 quaestionis
1701 1752 2011 1827 principium
2053 1757 2162 1809 est,
2201 1749 2380 1799 videre
2419 1763 2552 1813 quae
2581 1747 2649 1799 sit

486 1831 576 1878 iila
617 1831 834 1889 veritas,
870 1832 919 1879 in
958 1848 1108 1897 quam
1149 1831 1378 1881 rationes
1415 1830 1766 1895 inquisitionis
1823 1831 2144 1895 praesentis,
2185 1828 2329 1878 vetut
2366 1828 2417 1876 in
2457 1825 2649 1891 princi-

487 1910 630 1975 pium
673 1911 971 1975 proprium,
1011 1911 1338 1962 reducantur.
1376 1912 1647 1960 Sciendum
1687 1918 1766 1960 est
1803 1910 1955 1975 igitur
1981 1945 1995 1966 ‚
2035 1909 2173 1974 quod
2206 1906 2640 1974 quemadmodum

485 2003 568 2038 ars
605 1990 654 2037 in
695 1990 877 2054 triplici
919 1990 1080 2056 gradu
1116 1989 1408 2049 invenitur,
1444 1987 1494 2037 in
1531 1997 1703 2039 mente
1741 1989 1938 2039 scilicet
1976 1987 2225 2045 artificiS‚
2268 1988 2317 2035 in
2342 2001 2563 2052 organ0,
2590 1990 2646 2035 et

484 2067 533 2115 in
560 2071 773 2120 materia
814 2069 1032 2120 formata
1070 2086 1162 2135 per
1199 2078 1393 2126 artem3
1434 2069 1505 2120 sic
1544 2074 1594 2119 et
1629 2075 1859 2119 naturam
1898 2068 1947 2116 in
1975 2066 2159 2132 tripiici
2187 2067 2344 2132 gradu
2373 2081 2647 2131 possumus

483 2145 695 2198 intueri.
735 2136 819 2198 Est
858 2149 993 2197 enirn
1034 2156 1212 2199 natura
1249 2149 1297 2197 in
1337 2155 1503 2197 niente
1545 2148 1695 2212 primi
1738 2147 1983 2204 motoris,
2025 2147 2111 2212 qui
2149 2152 2281 2196 Deus
2319 2153 2427 2195 est:
2455 2143 2642 2194 deinde

484 2225 533 2272 in
572 2226 718 2275 coelo
756 2234 995 2291 tanquam
1035 2228 1083 2275 in
1121 2242 1349 2292 organo,
1386 2242 1486 2289 quo
1528 2227 1779 2278 mediante
1817 2226 2100 2276 similitudo
2138 2224 2377 2276 honitatis
2404 2225 2645 2274 aeternae

485 2304 535 2350 in
574 2305 851 2354 fluitantem
890 2305 1151 2361 materiam
1192 2305 1497 2368 explicatur.
1535 2310 1593 2355 Et
1631 2305 2072 2368 quemadmodum
2114 2303 2348 2368 perfecto
2383 2302 2643 2352 existente

491 2382 726 2440 artifice,
766 2391 919 2448 atque
959 2383 1154 2447 optime
1193 2398 1386 2447 organo
1426 2399 1480 2431 se
1519 2381 1779 2443 habente,
1819 2383 1860 2433 si
1897 2384 2151 2448 contingat
2176 2391 2441 2447 peccatum
2467 2381 2515 2429 in
2541 2379 2647 2430 for-

489 2477 569 2510 ma
610 2464 763 2520 artis,
804 2464 1052 2512 materiae
1109 2466 1299 2512 tanturn
1354 2462 1708 2527 imputandum
1762 2471 1872 2520 est3
1920 2462 2025 2521 sic,
2076 2452 2194 2511 vcum
2232 2467 2367 2511 Deus
2407 2460 2644 2510 ultimum

484 2539 817 2604 perfectionis
854 2541 1089 2605 attingat,
1135 2548 1185 2590 et
1224 2540 1616 2592 instrumentum
1670 2543 1779 2609 ejus
1818 2541 1997 2606 (quod
2036 2539 2241 2591 coelum
2284 2540 2405 2607 est)
2442 2538 2642 2588 nullum

487 2615 696 2669 debitae
735 2616 1068 2681 perfectionis
1119 2618 1332 2681 patiatur
1388 2618 1683 2679 defectum,
1721 2626 1772 2670 ut
1822 2636 1890 2670 ex
1927 2619 1986 2669 iis
2034 2627 2169 2683 patet
2218 2635 2349 2684 quae
2390 2617 2453 2667 de
2493 2618 2644 2668 coelo

485 2695 960 2763 philosophamur5
1001 2705 1195 2756 restat,
1235 2698 1371 2763 quod
1410 2700 1654 2763 quicquid
1683 2701 1740 2749 ,in
1779 2699 1939 2750 rebus
1976 2700 2310 2749 inferioribus
2350 2705 2428 2749 est
2465 2714 2646 2762 pecca-

486 2784 594 2826 tum
617 2812 631 2834 ‚
672 2793 736 2826 ex
759 2786 898 2842 parte
927 2779 1175 2827 materiae
1219 2778 1529 2845 subjacentis
1568 2787 1837 2846 peccatum
1879 2779 1945 2829 sit
1964 2814 1978 2836 ,
2006 2788 2055 2830 et
2078 2787 2284 2844 praeter
2309 2778 2643 2829 intentionem

486 2857 578 2908 Dei
608 2858 663 2923 a)
688 2863 739 2907 et
772 2858 941 2916 coeli3
982 2864 1030 2907 et
1066 2857 1203 2923 quod
1244 2859 1493 2923 quicquid
1530 2866 1606 2910 est
1644 2861 1693 2910 in
1730 2860 1892 2909 rebus
1917 2858 2251 2913 inferioribus
2276 2860 2462 2910 honum
2485 2896 2499 2918 ,
2525 2863 2641 2909 cum

489 2936 555 2984 ab
593 2935 705 3000 ipsa
743 2938 957 2988 materia
995 2955 1108 2988 esse
1148 2954 1245 2987 non
1286 2939 1479 3002 possit,
1515 2940 1625 2990 sola
1660 2941 1888 3006 potentia
1926 2939 2180 2990 existente
2209 2976 2224 2999 ‚
2263 2957 2356 3004 per
2394 2939 2534 3006 prius
2574 2939 2640 2989 ab

487 3014 685 3065 artifice
724 3023 824 3066 Deo
865 3018 963 3074 sit,
1003 3026 1054 3068 et
1093 3018 1390 3076 secundario
1429 3033 1457 3067 a
1495 3020 1663 3081 coelo9
1703 3020 1837 3084 quod
1875 3036 2121 3086 organum
2161 3028 2237 3071 est
2274 3021 2396 3071 artis
2422 3020 2641 3079 divinae,

488 3111 640 3159 quam
679 3100 921 3146 Naturam
962 3097 1303 3146 communiter
1354 3097 1628 3164 appellant.
1668 3103 1745 3149 Ex
1794 3098 1855 3147 iis
1884 3099 1992 3165 jam
2048 3098 2248 3164 liquet,
2297 3097 2432 3164 quod
2473 3097 2526 3164 b)
2556 3097 2642 3163 jus

489 3178 603 3222 cum
631 3173 695 3222 sit
723 3174 910 3223 honum
933 3211 948 3232 ‚
986 3176 1224 3238 proprius
1254 3176 1300 3224 in
1330 3182 1498 3225 mente
1539 3176 1628 3225 Dei
1667 3183 1776 3226 est:
1816 3184 1870 3228 et
1905 3181 2017 3227 cum
2043 3193 2191 3228 omne
2224 3177 2360 3242 quod
2387 3177 2436 3225 in
2465 3183 2641 3226 mente

486 3253 578 3302 Dei
621 3260 729 3309 est,
768 3254 835 3303 sit
872 3259 1008 3303 Deus
1046 3255 1212 3321 (juxta
1249 3253 1404 3305 illud:
1448 3256 1587 3312 Quod
1621 3259 1802 3318 factam
1840 3264 1946 3314 est,
1984 3261 2038 3303 in
2075 3261 2181 3318 ipso
2215 3261 2322 3307 vita
2358 3254 2498 3319 erat)
2532 3274 2547 3313 ;
2587 3259 2641 3304 et

487 3336 620 3379 Deus
660 3330 884 3379 maxime
926 3334 1149 3396 seipsum
1203 3335 1364 3391 velit3
1404 3335 1677 3400 sequitur,
1735 3335 1869 3400 quod
1918 3335 2000 3402 jus
2039 3351 2066 3384 a
2121 3341 2261 3392 De0‚
2301 3340 2450 3400 prout
2485 3333 2534 3383 in
2579 3350 2640 3382 eo

491 3417 598 3468 est,
637 3407 701 3458 sit
741 3406 970 3458 volitum.
1009 3416 1069 3460 Et
1106 3416 1217 3461 cum
1257 3413 1489 3464 voluntas
1525 3420 1575 3465 et
1612 3413 1827 3465 volitum
1867 3414 1918 3464 iu
1956 3420 2062 3465 Deo
2100 3413 2164 3465 sit
2198 3413 2360 3474 idem3
2400 3412 2639 3479 sequitur

545 3657 590 3712 a)
623 3659 730 3702 Cod.
766 3660 859 3704 Vat.
889 3662 975 3704 Dei
1001 3664 1269 3704 naturantis.
1647 3661 1836 3714 b)>Cod.
1871 3663 1982 3706 Ven.
2016 3664 2242 3715 quatenus.
