<?xml version="1.0" encoding="UTF-8"?>
<!DOCTYPE html PUBLIC "-//W3C//DTD XHTML 1.0 Transitional//EN"
    "http://www.w3.org/TR/xhtml1/DTD/xhtml1-transitional.dtd">
<html xmlns="http://www.w3.org/1999/xhtml" xml:lang="en" lang="en">
 <head>
  <title>
</title>
<meta http-equiv="Content-Type" content="text/html;charset=utf-8" />
  <meta name='ocr-system' content='tesseract 3.04.00' />
  <meta name='ocr-capabilities' content='ocr_page ocr_carea ocr_par ocr_line ocrx_word'/>
</head>
<body>
  <div class='ocr_page' id='page_1' title='image "./lamonarchia00dantuoft_0058.png"; bbox 0 0 2696 4230; ppageno 0'>
   <div class='ocr_carea' id='block_1_1' title="bbox 440 213 1916 271">
    <p class='ocr_par' dir='ltr' id='par_1_1' title="bbox 440 213 1916 271">
     <span class='ocr_line' id='line_1_1' title="bbox 440 213 1916 271; baseline -0.003 -9"><span class='ocrx_word' id='word_1_1' title='bbox 440 217 471 262; x_wconf 86' lang='lat'>8</span> <span class='ocrx_word' id='word_1_2' title='bbox 1079 226 1148 262; x_wconf 80' lang='lat' dir='ltr'>nn</span> <span class='ocrx_word' id='word_1_3' title='bbox 1185 215 1490 263; x_wconf 65' lang='lat' dir='ltr'>Monancnm</span> <span class='ocrx_word' id='word_1_4' title='bbox 1527 215 1629 260; x_wconf 80' lang='lat' dir='ltr'>Lm.</span> <span class='ocrx_word' id='word_1_5' title='bbox 1670 216 1711 271; x_wconf 90' lang='lat' dir='ltr'>I,</span> <span class='ocrx_word' id='word_1_6' title='bbox 1746 214 1798 262; x_wconf 90' lang='lat' dir='ltr'>C.</span> <span class='ocrx_word' id='word_1_7' title='bbox 1836 213 1916 261; x_wconf 88' lang='lat' dir='ltr'>IV.</span> 
     </span>
    </p>
   </div>
   <div class='ocr_carea' id='block_1_2' title="bbox 440 313 2562 1021">
    <p class='ocr_par' dir='ltr' id='par_1_2' title="bbox 440 313 2562 1021">
     <span class='ocr_line' id='line_1_2' title="bbox 440 313 2561 381; baseline 0.003 -16"><span class='ocrx_word' id='word_1_8' title='bbox 440 329 554 365; x_wconf 86' lang='lat' dir='ltr'>sens</span> <span class='ocrx_word' id='word_1_9' title='bbox 578 329 676 366; x_wconf 92' lang='lat' dir='ltr'>non</span> <span class='ocrx_word' id='word_1_10' title='bbox 703 313 765 365; x_wconf 87' lang='lat' dir='ltr'>ad</span> <span class='ocrx_word' id='word_1_11' title='bbox 798 313 1195 381; x_wconf 71' lang='lat' dir='ltr'>speculationem</span> <span class='ocrx_word' id='word_1_12' title='bbox 1235 331 1325 381; x_wconf 85' lang='lat' dir='ltr'>per</span> <span class='ocrx_word' id='word_1_13' title='bbox 1360 314 1498 380; x_wconf 90' lang='lat' dir='ltr'>prius</span> <span class='ocrx_word' id='word_1_14' title='bbox 1516 350 1532 375; x_wconf 84' lang='lat'>,</span> <span class='ocrx_word' id='word_1_15' title='bbox 1570 315 1658 367; x_wconf 89' lang='lat' dir='ltr'>sed</span> <span class='ocrx_word' id='word_1_16' title='bbox 1683 316 1745 367; x_wconf 91' lang='lat' dir='ltr'>ad</span> <span class='ocrx_word' id='word_1_17' title='bbox 1768 314 2117 381; x_wconf 73' lang='lat' dir='ltr'>operationem</span> <span class='ocrx_word' id='word_1_18' title='bbox 2142 314 2416 368; x_wconf 84' lang='lat' dir='ltr'>ordinatur.</span> <span class='ocrx_word' id='word_1_19' title='bbox 2438 323 2561 371; x_wconf 85' lang='lat' dir='ltr'>Rur-</span> 
     </span>
     <span class='ocr_line' id='line_1_3' title="bbox 441 396 2557 463; baseline 0.003 -17"><span class='ocrx_word' id='word_1_20' title='bbox 441 414 545 454; x_wconf 81' lang='lat' dir='ltr'>sus,</span> <span class='ocrx_word' id='word_1_21' title='bbox 583 413 695 446; x_wconf 88' lang='lat' dir='ltr'>cum</span> <span class='ocrx_word' id='word_1_22' title='bbox 722 398 773 447; x_wconf 92' lang='lat' dir='ltr'>in</span> <span class='ocrx_word' id='word_1_23' title='bbox 801 397 1143 463; x_wconf 89' lang='lat' dir='ltr'>operabilibus</span> <span class='ocrx_word' id='word_1_24' title='bbox 1181 397 1487 463; x_wconf 89' lang='lat' dir='ltr'>principium</span> <span class='ocrx_word' id='word_1_25' title='bbox 1525 403 1574 448; x_wconf 86' lang='lat' dir='ltr'>et</span> <span class='ocrx_word' id='word_1_26' title='bbox 1607 413 1757 449; x_wconf 85' lang='lat' dir='ltr'>causa</span> <span class='ocrx_word' id='word_1_27' title='bbox 1794 396 2015 448; x_wconf 86' lang='lat' dir='ltr'>omnium</span> <span class='ocrx_word' id='word_1_28' title='bbox 2060 396 2127 448; x_wconf 89' lang='lat' dir='ltr'>sit</span> <span class='ocrx_word' id='word_1_29' title='bbox 2161 397 2369 448; x_wconf 89' lang='lat' dir='ltr'>ultimus</span> <span class='ocrx_word' id='word_1_30' title='bbox 2404 399 2557 461; x_wconf 82' lang='lat' dir='ltr'>finis3</span> 
     </span>
     <span class='ocr_line' id='line_1_4' title="bbox 442 476 2562 544; baseline 0.002 -20"><span class='ocrx_word' id='word_1_31' title='bbox 442 482 610 526; x_wconf 90' lang='lat' dir='ltr'>movet</span> <span class='ocrx_word' id='word_1_32' title='bbox 632 477 762 527; x_wconf 87' lang='lat' dir='ltr'>enim</span> <span class='ocrx_word' id='word_1_33' title='bbox 790 477 951 542; x_wconf 81' lang='lat' dir='ltr'>primo</span> <span class='ocrx_word' id='word_1_34' title='bbox 978 483 1250 544; x_wconf 80' lang='lat' dir='ltr'>agentem3</span> <span class='ocrx_word' id='word_1_35' title='bbox 1287 492 1599 540; x_wconf 90' lang='lat' dir='ltr'>consequens</span> <span class='ocrx_word' id='word_1_36' title='bbox 1636 483 1739 538; x_wconf 88' lang='lat' dir='ltr'>est,</span> <span class='ocrx_word' id='word_1_37' title='bbox 1776 484 1828 528; x_wconf 89' lang='lat' dir='ltr'>ut</span> <span class='ocrx_word' id='word_1_38' title='bbox 1865 476 2029 527; x_wconf 88' lang='lat' dir='ltr'>omnis</span> <span class='ocrx_word' id='word_1_39' title='bbox 2063 477 2194 529; x_wconf 89' lang='lat' dir='ltr'>ratio</span> <span class='ocrx_word' id='word_1_40' title='bbox 2232 493 2408 528; x_wconf 89' lang='lat' dir='ltr'>eorum</span> <span class='ocrx_word' id='word_1_41' title='bbox 2433 496 2562 543; x_wconf 85' lang='lat' dir='ltr'>quae</span> 
     </span>
     <span class='ocr_line' id='line_1_5' title="bbox 443 556 2562 621; baseline 0 -14"><span class='ocrx_word' id='word_1_42' title='bbox 443 564 555 607; x_wconf 90' lang='lat' dir='ltr'>sunt</span> <span class='ocrx_word' id='word_1_43' title='bbox 591 557 653 606; x_wconf 90' lang='lat' dir='ltr'>ad</span> <span class='ocrx_word' id='word_1_44' title='bbox 689 556 840 605; x_wconf 90' lang='lat' dir='ltr'>finem</span> <span class='ocrx_word' id='word_1_45' title='bbox 864 592 879 614; x_wconf 85' lang='lat'>,</span> <span class='ocrx_word' id='word_1_46' title='bbox 918 556 982 606; x_wconf 92' lang='lat' dir='ltr'>ab</span> <span class='ocrx_word' id='word_1_47' title='bbox 1018 557 1126 621; x_wconf 90' lang='lat' dir='ltr'>ipso</span> <span class='ocrx_word' id='word_1_48' title='bbox 1161 556 1261 606; x_wconf 88' lang='lat' dir='ltr'>fine</span> <span class='ocrx_word' id='word_1_49' title='bbox 1314 562 1558 606; x_wconf 89' lang='lat' dir='ltr'>sumatur.</span> <span class='ocrx_word' id='word_1_50' title='bbox 1594 562 1718 605; x_wconf 91' lang='lat' dir='ltr'>Nam</span> <span class='ocrx_word' id='word_1_51' title='bbox 1755 557 1852 609; x_wconf 86' lang='lat' dir='ltr'>alia</span> <span class='ocrx_word' id='word_1_52' title='bbox 1905 557 2001 608; x_wconf 90' lang='lat' dir='ltr'>erit</span> <span class='ocrx_word' id='word_1_53' title='bbox 2036 557 2163 607; x_wconf 88' lang='lat' dir='ltr'>ratio</span> <span class='ocrx_word' id='word_1_54' title='bbox 2210 557 2461 608; x_wconf 89' lang='lat' dir='ltr'>incidendi</span> <span class='ocrx_word' id='word_1_55' title='bbox 2501 560 2562 608; x_wconf 92' lang='lat' dir='ltr'>li—</span> 
     </span>
     <span class='ocr_line' id='line_1_6' title="bbox 444 637 2560 710; baseline 0.002 -25"><span class='ocrx_word' id='word_1_56' title='bbox 444 654 594 703; x_wconf 86' lang='lat' dir='ltr'>gnum</span> <span class='ocrx_word' id='word_1_57' title='bbox 638 645 843 704; x_wconf 88' lang='lat' dir='ltr'>propter</span> <span class='ocrx_word' id='word_1_58' title='bbox 877 637 1083 687; x_wconf 89' lang='lat' dir='ltr'>domum</span> <span class='ocrx_word' id='word_1_59' title='bbox 1123 637 1546 710; x_wconf 75' lang='lat' dir='ltr'>construendam,</span> <span class='ocrx_word' id='word_1_60' title='bbox 1586 645 1637 690; x_wconf 85' lang='lat' dir='ltr'>et</span> <span class='ocrx_word' id='word_1_61' title='bbox 1671 639 1768 688; x_wconf 87' lang='lat' dir='ltr'>alia</span> <span class='ocrx_word' id='word_1_62' title='bbox 1805 646 2009 705; x_wconf 88' lang='lat' dir='ltr'>propter</span> <span class='ocrx_word' id='word_1_63' title='bbox 2034 638 2214 688; x_wconf 82' lang='lat' dir='ltr'>navim.</span> <span class='ocrx_word' id='word_1_64' title='bbox 2239 638 2365 688; x_wconf 90' lang='lat' dir='ltr'>Illud</span> <span class='ocrx_word' id='word_1_65' title='bbox 2389 638 2560 705; x_wconf 83' lang='lat' dir='ltr'>igitur,</span> 
     </span>
     <span class='ocr_line' id='line_1_7' title="bbox 442 718 2562 790; baseline 0.002 -21"><span class='ocrx_word' id='word_1_66' title='bbox 442 721 485 769; x_wconf 88' lang='lat' dir='ltr'>si</span> <span class='ocrx_word' id='word_1_67' title='bbox 526 720 646 785; x_wconf 88' lang='lat' dir='ltr'>quid</span> <span class='ocrx_word' id='word_1_68' title='bbox 685 727 760 770; x_wconf 89' lang='lat' dir='ltr'>est</span> <span class='ocrx_word' id='word_1_69' title='bbox 797 720 931 786; x_wconf 87' lang='lat' dir='ltr'>quod</span> <span class='ocrx_word' id='word_1_70' title='bbox 957 720 1021 770; x_wconf 90' lang='lat' dir='ltr'>sit</span> <span class='ocrx_word' id='word_1_71' title='bbox 1042 718 1156 771; x_wconf 88' lang='lat' dir='ltr'>finis</span> <span class='ocrx_word' id='word_1_72' title='bbox 1184 719 1385 769; x_wconf 88' lang='lat' dir='ltr'>ultimus</span> <span class='ocrx_word' id='word_1_73' title='bbox 1408 718 1464 786; x_wconf 86' lang='grc' dir='ltr'>α)</span> <span class='ocrx_word' id='word_1_74' title='bbox 1492 719 1750 771; x_wconf 82' lang='lat' dir='ltr'>civilitatis</span> <span class='ocrx_word' id='word_1_75' title='bbox 1787 721 1989 770; x_wconf 85' lang='lat' dir='ltr'>humani</span> <span class='ocrx_word' id='word_1_76' title='bbox 2017 722 2236 786; x_wconf 82' lang='lat' dir='ltr'>generis,</span> <span class='ocrx_word' id='word_1_77' title='bbox 2261 723 2355 771; x_wconf 91' lang='lat' dir='ltr'>erit</span> <span class='ocrx_word' id='word_1_78' title='bbox 2379 721 2476 772; x_wconf 90' lang='lat' dir='ltr'>hoc</span> <span class='ocrx_word' id='word_1_79' title='bbox 2509 724 2562 790; x_wconf 86' lang='lat' dir='ltr'>b)</span> 
     </span>
     <span class='ocr_line' id='line_1_8' title="bbox 443 798 2558 865; baseline 0.002 -18"><span class='ocrx_word' id='word_1_80' title='bbox 443 799 774 865; x_wconf 83' lang='lat' dir='ltr'>principium,</span> <span class='ocrx_word' id='word_1_81' title='bbox 810 816 900 865; x_wconf 89' lang='lat' dir='ltr'>per</span> <span class='ocrx_word' id='word_1_82' title='bbox 938 798 1074 865; x_wconf 89' lang='lat' dir='ltr'>quod</span> <span class='ocrx_word' id='word_1_83' title='bbox 1113 799 1280 848; x_wconf 90' lang='lat' dir='ltr'>omnia</span> <span class='ocrx_word' id='word_1_84' title='bbox 1320 815 1450 863; x_wconf 87' lang='lat' dir='ltr'>quae</span> <span class='ocrx_word' id='word_1_85' title='bbox 1488 799 1702 849; x_wconf 82' lang='lat' dir='ltr'>inferius</span> <span class='ocrx_word' id='word_1_86' title='bbox 1738 801 1995 865; x_wconf 88' lang='lat' dir='ltr'>probanda</span> <span class='ocrx_word' id='word_1_87' title='bbox 2035 807 2187 860; x_wconf 90' lang='lat' dir='ltr'>sunt,</span> <span class='ocrx_word' id='word_1_88' title='bbox 2225 811 2367 855; x_wconf 90' lang='lat' dir='ltr'>erunt</span> <span class='ocrx_word' id='word_1_89' title='bbox 2405 804 2558 853; x_wconf 89' lang='lat' dir='ltr'>mani·</span> 
     </span>
     <span class='ocr_line' id='line_1_9' title="bbox 440 877 2558 949; baseline 0.002 -21"><span class='ocrx_word' id='word_1_90' title='bbox 440 877 566 930; x_wconf 84' lang='lat' dir='ltr'>festa</span> <span class='ocrx_word' id='word_1_91' title='bbox 593 881 911 932; x_wconf 85' lang='lat' dir='ltr'>sufficienter.</span> <span class='ocrx_word' id='word_1_92' title='bbox 956 887 1076 931; x_wconf 90' lang='lat' dir='ltr'>Esse</span> <span class='ocrx_word' id='word_1_93' title='bbox 1115 885 1282 929; x_wconf 89' lang='lat' dir='ltr'>autem</span> <span class='ocrx_word' id='word_1_94' title='bbox 1309 879 1461 930; x_wconf 91' lang='lat' dir='ltr'>finem</span> <span class='ocrx_word' id='word_1_95' title='bbox 1487 879 1637 949; x_wconf 87' lang='lat' dir='ltr'>hujus</span> <span class='ocrx_word' id='word_1_96' title='bbox 1672 880 1932 931; x_wconf 80' lang='lat' dir='ltr'>civilitatis</span> <span class='ocrx_word' id='word_1_97' title='bbox 1968 887 2021 933; x_wconf 84' lang='lat' dir='ltr'>et</span> <span class='ocrx_word' id='word_1_98' title='bbox 2056 881 2229 942; x_wconf 80' lang='lat' dir='ltr'>iltius,</span> <span class='ocrx_word' id='word_1_99' title='bbox 2255 891 2305 935; x_wconf 85' lang='lat' dir='ltr'>et</span> <span class='ocrx_word' id='word_1_100' title='bbox 2327 900 2424 935; x_wconf 90' lang='lat' dir='ltr'>non</span> <span class='ocrx_word' id='word_1_101' title='bbox 2449 899 2558 935; x_wconf 84' lang='lat' dir='ltr'>esse</span> 
     </span>
     <span class='ocr_line' id='line_1_10' title="bbox 442 959 1725 1021; baseline 0.001 -13"><span class='ocrx_word' id='word_1_102' title='bbox 442 975 593 1009; x_wconf 90' lang='lat' dir='ltr'>unum</span> <span class='ocrx_word' id='word_1_103' title='bbox 630 961 856 1012; x_wconf 89' lang='lat' dir='ltr'>omnium</span> <span class='ocrx_word' id='word_1_104' title='bbox 893 959 1083 1021; x_wconf 86' lang='lat' dir='ltr'>finem,</span> <span class='ocrx_word' id='word_1_105' title='bbox 1118 959 1352 1011; x_wconf 87' lang='lat' dir='ltr'>arbitrari</span> <span class='ocrx_word' id='word_1_106' title='bbox 1388 960 1596 1013; x_wconf 90' lang='lat' dir='ltr'>stultum</span> <span class='ocrx_word' id='word_1_107' title='bbox 1635 966 1725 1012; x_wconf 85' lang='lat' dir='ltr'>est.</span> 
     </span>
    </p>
   </div>
   <div class='ocr_carea' id='block_1_3' title="bbox 1341 1124 1666 1175">
    <p class='ocr_par' dir='ltr' id='par_1_3' title="bbox 1341 1124 1666 1175">
     <span class='ocr_line' id='line_1_11' title="bbox 1341 1124 1666 1175; baseline 0.006 -3"><span class='ocrx_word' id='word_1_108' title='bbox 1341 1124 1547 1175; x_wconf 87' lang='lat' dir='ltr'><strong>CAPUT</strong></span> <span class='ocrx_word' id='word_1_109' title='bbox 1585 1129 1666 1175; x_wconf 81' lang='lat' dir='ltr'>tv.</span> 
     </span>
    </p>
   </div>
   <div class='ocr_carea' id='block_1_4' title="bbox 442 1281 2576 3532">
    <p class='ocr_par' dir='ltr' id='par_1_4' title="bbox 442 1281 2576 3532">
     <span class='ocr_line' id='line_1_12' title="bbox 510 1281 2553 1350; baseline 0 -16"><span class='ocrx_word' id='word_1_110' title='bbox 510 1288 655 1335; x_wconf 89' lang='lat' dir='ltr'>Nunc</span> <span class='ocrx_word' id='word_1_111' title='bbox 688 1287 855 1333; x_wconf 88' lang='lat' dir='ltr'>autem</span> <span class='ocrx_word' id='word_1_112' title='bbox 893 1281 1164 1332; x_wconf 87' lang='lat' dir='ltr'>videndum</span> <span class='ocrx_word' id='word_1_113' title='bbox 1201 1288 1298 1342; x_wconf 87' lang='lat' dir='ltr'>est,</span> <span class='ocrx_word' id='word_1_114' title='bbox 1337 1282 1459 1350; x_wconf 89' lang='lat' dir='ltr'>quid</span> <span class='ocrx_word' id='word_1_115' title='bbox 1497 1283 1563 1335; x_wconf 88' lang='lat' dir='ltr'>sit</span> <span class='ocrx_word' id='word_1_116' title='bbox 1602 1282 1714 1335; x_wconf 85' lang='lat' dir='ltr'>finis</span> <span class='ocrx_word' id='word_1_117' title='bbox 1753 1285 1908 1338; x_wconf 89' lang='lat' dir='ltr'>totius</span> <span class='ocrx_word' id='word_1_118' title='bbox 1958 1285 2208 1338; x_wconf 83' lang='lat' dir='ltr'>humanae</span> <span class='ocrx_word' id='word_1_119' title='bbox 2253 1284 2553 1337; x_wconf 85' lang='lat' dir='ltr'>civilitatis:</span> 
     </span>
     <span class='ocr_line' id='line_1_13' title="bbox 444 1362 2562 1434; baseline 0.002 -22"><span class='ocrx_word' id='word_1_120' title='bbox 444 1379 546 1427; x_wconf 90' lang='lat' dir='ltr'>quo</span> <span class='ocrx_word' id='word_1_121' title='bbox 570 1363 696 1420; x_wconf 75' lang='lat' dir='ltr'>viso,</span> <span class='ocrx_word' id='word_1_122' title='bbox 729 1362 999 1428; x_wconf 86' lang='lat' dir='ltr'>plusquam</span> <span class='ocrx_word' id='word_1_123' title='bbox 1036 1363 1304 1414; x_wconf 88' lang='lat' dir='ltr'>dimidium</span> <span class='ocrx_word' id='word_1_124' title='bbox 1335 1364 1532 1415; x_wconf 89' lang='lat' dir='ltr'>laboris</span> <span class='ocrx_word' id='word_1_125' title='bbox 1557 1365 1652 1416; x_wconf 89' lang='lat' dir='ltr'>erit</span> <span class='ocrx_word' id='word_1_126' title='bbox 1680 1372 2006 1426; x_wconf 87' lang='lat' dir='ltr'>transactum,</span> <span class='ocrx_word' id='word_1_127' title='bbox 2029 1367 2169 1434; x_wconf 60' lang='lat' dir='ltr'>juxta</span> <span class='ocrx_word' id='word_1_128' title='bbox 2198 1366 2562 1434; x_wconf 84' lang='lat' dir='ltr'>Philosophum</span> 
     </span>
     <span class='ocr_line' id='line_1_14' title="bbox 445 1444 2563 1512; baseline 0.001 -19"><span class='ocrx_word' id='word_1_129' title='bbox 445 1449 507 1493; x_wconf 80' lang='lat' dir='ltr'>ad</span> <span class='ocrx_word' id='word_1_130' title='bbox 543 1446 904 1493; x_wconf 70' lang='lat' dir='ltr'>Nicomachum.</span> <span class='ocrx_word' id='word_1_131' title='bbox 953 1449 1016 1495; x_wconf 93' lang='lat' dir='ltr'>Et</span> <span class='ocrx_word' id='word_1_132' title='bbox 1051 1444 1115 1494; x_wconf 90' lang='lat' dir='ltr'>ad</span> <span class='ocrx_word' id='word_1_133' title='bbox 1151 1444 1457 1495; x_wconf 90' lang='lat' dir='ltr'>evidentiam</span> <span class='ocrx_word' id='word_1_134' title='bbox 1494 1446 1603 1512; x_wconf 86' lang='lat' dir='ltr'>ejus</span> <span class='ocrx_word' id='word_1_135' title='bbox 1639 1446 1774 1511; x_wconf 89' lang='lat' dir='ltr'>quod</span> <span class='ocrx_word' id='word_1_136' title='bbox 1821 1447 2076 1512; x_wconf 88' lang='lat' dir='ltr'>quaeritur</span> <span class='ocrx_word' id='word_1_137' title='bbox 2098 1484 2112 1507; x_wconf 89' lang='lat'>,</span> <span class='ocrx_word' id='word_1_138' title='bbox 2161 1447 2563 1507; x_wconf 85' lang='lat' dir='ltr'>advertendum,</span> 
     </span>
     <span class='ocr_line' id='line_1_15' title="bbox 444 1523 2558 1592; baseline 0.002 -19"><span class='ocrx_word' id='word_1_139' title='bbox 444 1523 581 1591; x_wconf 90' lang='lat' dir='ltr'>quod</span> <span class='ocrx_word' id='word_1_140' title='bbox 617 1524 1048 1589; x_wconf 85' lang='lat' dir='ltr'>quemadmodum</span> <span class='ocrx_word' id='word_1_141' title='bbox 1087 1532 1164 1575; x_wconf 90' lang='lat' dir='ltr'>est</span> <span class='ocrx_word' id='word_1_142' title='bbox 1201 1524 1313 1575; x_wconf 88' lang='lat' dir='ltr'>finis</span> <span class='ocrx_word' id='word_1_143' title='bbox 1349 1525 1532 1590; x_wconf 89' lang='lat' dir='ltr'>aliquis</span> <span class='ocrx_word' id='word_1_144' title='bbox 1568 1524 1630 1576; x_wconf 87' lang='lat' dir='ltr'>ad</span> <span class='ocrx_word' id='word_1_145' title='bbox 1657 1542 1805 1592; x_wconf 88' lang='lat' dir='ltr'>quem</span> <span class='ocrx_word' id='word_1_146' title='bbox 1832 1532 2006 1576; x_wconf 87' lang='lat' dir='ltr'>natura</span> <span class='ocrx_word' id='word_1_147' title='bbox 2034 1526 2272 1592; x_wconf 83' lang='lat' dir='ltr'>producit</span> <span class='ocrx_word' id='word_1_148' title='bbox 2297 1526 2558 1591; x_wconf 90' lang='lat' dir='ltr'>pollicem,</span> 
     </span>
     <span class='ocr_line' id='line_1_16' title="bbox 445 1602 2565 1673; baseline 0.001 -18"><span class='ocrx_word' id='word_1_149' title='bbox 445 1612 495 1655; x_wconf 90' lang='lat' dir='ltr'>et</span> <span class='ocrx_word' id='word_1_150' title='bbox 531 1602 662 1654; x_wconf 90' lang='lat' dir='ltr'>alius</span> <span class='ocrx_word' id='word_1_151' title='bbox 700 1605 764 1654; x_wconf 88' lang='lat' dir='ltr'>ah</span> <span class='ocrx_word' id='word_1_152' title='bbox 802 1604 903 1657; x_wconf 91' lang='lat' dir='ltr'>hoc</span> <span class='ocrx_word' id='word_1_153' title='bbox 939 1607 1002 1656; x_wconf 88' lang='lat' dir='ltr'>ad</span> <span class='ocrx_word' id='word_1_154' title='bbox 1042 1623 1193 1673; x_wconf 87' lang='lat' dir='ltr'>quem</span> <span class='ocrx_word' id='word_1_155' title='bbox 1233 1623 1435 1657; x_wconf 88' lang='lat' dir='ltr'>manum</span> <span class='ocrx_word' id='word_1_156' title='bbox 1474 1613 1628 1658; x_wconf 88' lang='lat' dir='ltr'>totam</span> <span class='ocrx_word' id='word_1_157' title='bbox 1653 1641 1669 1666; x_wconf 81' lang='lat'>,</span> <span class='ocrx_word' id='word_1_158' title='bbox 1704 1611 1752 1656; x_wconf 89' lang='lat' dir='ltr'>et</span> <span class='ocrx_word' id='word_1_159' title='bbox 1789 1622 1962 1657; x_wconf 87' lang='lat' dir='ltr'>rursus</span> <span class='ocrx_word' id='word_1_160' title='bbox 2000 1607 2127 1657; x_wconf 90' lang='lat' dir='ltr'>alius</span> <span class='ocrx_word' id='word_1_161' title='bbox 2151 1607 2215 1656; x_wconf 89' lang='lat' dir='ltr'>ab</span> <span class='ocrx_word' id='word_1_162' title='bbox 2242 1614 2461 1673; x_wconf 86' lang='lat' dir='ltr'>utroque</span> <span class='ocrx_word' id='word_1_163' title='bbox 2498 1607 2565 1658; x_wconf 91' lang='lat' dir='ltr'>ad</span> 
     </span>
     <span class='ocr_line' id='line_1_17' title="bbox 446 1686 2568 1755; baseline 0.001 -19"><span class='ocrx_word' id='word_1_164' title='bbox 446 1703 599 1751; x_wconf 84' lang='lat' dir='ltr'>quem</span> <span class='ocrx_word' id='word_1_165' title='bbox 638 1686 932 1748; x_wconf 77' lang='lat' dir='ltr'>brachium,</span> <span class='ocrx_word' id='word_1_166' title='bbox 968 1688 1200 1753; x_wconf 88' lang='lat' dir='ltr'>aliusque</span> <span class='ocrx_word' id='word_1_167' title='bbox 1238 1689 1303 1738; x_wconf 91' lang='lat' dir='ltr'>ah</span> <span class='ocrx_word' id='word_1_168' title='bbox 1341 1687 1575 1740; x_wconf 88' lang='lat' dir='ltr'>omnibus</span> <span class='ocrx_word' id='word_1_169' title='bbox 1614 1688 1676 1737; x_wconf 89' lang='lat' dir='ltr'>ad</span> <span class='ocrx_word' id='word_1_170' title='bbox 1725 1704 1874 1755; x_wconf 89' lang='lat' dir='ltr'>quem</span> <span class='ocrx_word' id='word_1_171' title='bbox 1929 1694 2089 1738; x_wconf 90' lang='lat' dir='ltr'>totum</span> <span class='ocrx_word' id='word_1_172' title='bbox 2136 1687 2437 1747; x_wconf 82' lang='lat' dir='ltr'>hominem3</span> <span class='ocrx_word' id='word_1_173' title='bbox 2492 1688 2568 1738; x_wconf 84' lang='lat' dir='ltr'>sic</span> 
     </span>
     <span class='ocr_line' id='line_1_18' title="bbox 445 1766 2568 1837; baseline 0.001 -19"><span class='ocrx_word' id='word_1_174' title='bbox 445 1767 575 1818; x_wconf 88' lang='lat' dir='ltr'>alius</span> <span class='ocrx_word' id='word_1_175' title='bbox 612 1775 690 1818; x_wconf 90' lang='lat' dir='ltr'>est</span> <span class='ocrx_word' id='word_1_176' title='bbox 726 1766 841 1818; x_wconf 89' lang='lat' dir='ltr'>finis</span> <span class='ocrx_word' id='word_1_177' title='bbox 880 1768 944 1818; x_wconf 89' lang='lat' dir='ltr'>ad</span> <span class='ocrx_word' id='word_1_178' title='bbox 984 1785 1133 1833; x_wconf 89' lang='lat' dir='ltr'>quem</span> <span class='ocrx_word' id='word_1_179' title='bbox 1174 1769 1483 1837; x_wconf 85' lang='lat' dir='ltr'>singularem</span> <span class='ocrx_word' id='word_1_180' title='bbox 1526 1768 1821 1826; x_wconf 90' lang='lat' dir='ltr'>hominem,</span> <span class='ocrx_word' id='word_1_181' title='bbox 1874 1768 2005 1819; x_wconf 90' lang='lat' dir='ltr'>alius</span> <span class='ocrx_word' id='word_1_182' title='bbox 2052 1769 2113 1819; x_wconf 86' lang='lat' dir='ltr'>ad</span> <span class='ocrx_word' id='word_1_183' title='bbox 2163 1784 2315 1833; x_wconf 89' lang='lat' dir='ltr'>quem</span> <span class='ocrx_word' id='word_1_184' title='bbox 2366 1769 2568 1821; x_wconf 82' lang='lat' dir='ltr'>ordinat</span> 
     </span>
     <span class='ocr_line' id='line_1_19' title="bbox 444 1849 2561 1917; baseline 0.001 -20"><span class='ocrx_word' id='word_1_185' title='bbox 444 1849 778 1899; x_wconf 90' lang='lat' dir='ltr'>domesticam</span> <span class='ocrx_word' id='word_1_186' title='bbox 816 1850 1263 1909; x_wconf 84' lang='lat' dir='ltr'>communitatem,</span> <span class='ocrx_word' id='word_1_187' title='bbox 1301 1850 1431 1901; x_wconf 90' lang='lat' dir='ltr'>alius</span> <span class='ocrx_word' id='word_1_188' title='bbox 1468 1850 1530 1900; x_wconf 90' lang='lat' dir='ltr'>ad</span> <span class='ocrx_word' id='word_1_189' title='bbox 1567 1866 1716 1916; x_wconf 88' lang='lat' dir='ltr'>quem</span> <span class='ocrx_word' id='word_1_190' title='bbox 1757 1849 2030 1910; x_wconf 86' lang='lat' dir='ltr'>viciniam,</span> <span class='ocrx_word' id='word_1_191' title='bbox 2069 1855 2117 1899; x_wconf 88' lang='lat' dir='ltr'>et</span> <span class='ocrx_word' id='word_1_192' title='bbox 2153 1849 2281 1900; x_wconf 89' lang='lat' dir='ltr'>alius</span> <span class='ocrx_word' id='word_1_193' title='bbox 2318 1850 2381 1900; x_wconf 88' lang='lat' dir='ltr'>ad</span> <span class='ocrx_word' id='word_1_194' title='bbox 2407 1867 2561 1917; x_wconf 89' lang='lat' dir='ltr'>quem</span> 
     </span>
     <span class='ocr_line' id='line_1_20' title="bbox 444 1929 2571 1999; baseline 0.001 -20"><span class='ocrx_word' id='word_1_195' title='bbox 444 1929 722 1987; x_wconf 87' lang='lat' dir='ltr'>civitatem,</span> <span class='ocrx_word' id='word_1_196' title='bbox 758 1937 810 1982; x_wconf 90' lang='lat' dir='ltr'>et</span> <span class='ocrx_word' id='word_1_197' title='bbox 835 1929 965 1982; x_wconf 88' lang='lat' dir='ltr'>alius</span> <span class='ocrx_word' id='word_1_198' title='bbox 992 1931 1054 1981; x_wconf 89' lang='lat' dir='ltr'>ad</span> <span class='ocrx_word' id='word_1_199' title='bbox 1080 1948 1227 1996; x_wconf 87' lang='lat' dir='ltr'>quem</span> <span class='ocrx_word' id='word_1_200' title='bbox 1255 1948 1492 1999; x_wconf 78' lang='lat' dir='ltr'>regnum3</span> <span class='ocrx_word' id='word_1_201' title='bbox 1532 1937 1582 1982; x_wconf 92' lang='lat' dir='ltr'>et</span> <span class='ocrx_word' id='word_1_202' title='bbox 1619 1930 1840 1996; x_wconf 87' lang='lat' dir='ltr'>denique</span> <span class='ocrx_word' id='word_1_203' title='bbox 1877 1931 2111 1981; x_wconf 89' lang='lat' dir='ltr'>ulttimus</span> <span class='ocrx_word' id='word_1_204' title='bbox 2133 1933 2184 1998; x_wconf 83' lang='lat' dir='ltr'>c)</span> <span class='ocrx_word' id='word_1_205' title='bbox 2210 1930 2272 1981; x_wconf 90' lang='lat' dir='ltr'>ad</span> <span class='ocrx_word' id='word_1_206' title='bbox 2296 1947 2448 1996; x_wconf 88' lang='lat' dir='ltr'>quem</span> <span class='ocrx_word' id='word_1_207' title='bbox 2473 1931 2571 1982; x_wconf 90' lang='lat' dir='ltr'>uti-</span> 
     </span>
     <span class='ocr_line' id='line_1_21' title="bbox 443 2010 2568 2077; baseline 0.002 -18"><span class='ocrx_word' id='word_1_208' title='bbox 443 2010 563 2060; x_wconf 89' lang='lat' dir='ltr'>liter</span> <span class='ocrx_word' id='word_1_209' title='bbox 600 2027 755 2077; x_wconf 86' lang='lat' dir='ltr'>genus</span> <span class='ocrx_word' id='word_1_210' title='bbox 794 2011 1068 2061; x_wconf 85' lang='lat' dir='ltr'>humanum</span> <span class='ocrx_word' id='word_1_211' title='bbox 1091 2048 1106 2072; x_wconf 90' lang='lat'>,</span> <span class='ocrx_word' id='word_1_212' title='bbox 1143 2018 1274 2065; x_wconf 92' lang='lat' dir='ltr'>Deus</span> <span class='ocrx_word' id='word_1_213' title='bbox 1310 2020 1545 2063; x_wconf 88' lang='lat' dir='ltr'>aeternus</span> <span class='ocrx_word' id='word_1_214' title='bbox 1588 2016 1694 2062; x_wconf 87' lang='lat' dir='ltr'>arte</span> <span class='ocrx_word' id='word_1_215' title='bbox 1734 2015 1858 2071; x_wconf 75' lang='lat' dir='ltr'>sua,</span> <span class='ocrx_word' id='word_1_216' title='bbox 1884 2026 2014 2077; x_wconf 88' lang='lat' dir='ltr'>quae</span> <span class='ocrx_word' id='word_1_217' title='bbox 2044 2019 2221 2063; x_wconf 88' lang='lat' dir='ltr'>natura</span> <span class='ocrx_word' id='word_1_218' title='bbox 2247 2018 2352 2070; x_wconf 91' lang='lat' dir='ltr'>est,</span> <span class='ocrx_word' id='word_1_219' title='bbox 2379 2012 2430 2062; x_wconf 91' lang='lat' dir='ltr'>in</span> <span class='ocrx_word' id='word_1_220' title='bbox 2455 2029 2568 2064; x_wconf 87' lang='lat' dir='ltr'>esse</span> 
     </span>
     <span class='ocr_line' id='line_1_22' title="bbox 442 2089 2573 2159; baseline 0.001 -20"><span class='ocrx_word' id='word_1_221' title='bbox 442 2089 695 2156; x_wconf 85' lang='lat' dir='ltr'>producit.</span> <span class='ocrx_word' id='word_1_222' title='bbox 729 2093 791 2141; x_wconf 91' lang='lat' dir='ltr'>Et</span> <span class='ocrx_word' id='word_1_223' title='bbox 815 2089 897 2140; x_wconf 91' lang='lat' dir='ltr'>hic</span> <span class='ocrx_word' id='word_1_224' title='bbox 921 2091 1198 2155; x_wconf 80' lang='lat' dir='ltr'>quaeritur,</span> <span class='ocrx_word' id='word_1_225' title='bbox 1222 2100 1461 2158; x_wconf 86' lang='lat' dir='ltr'>tanquam</span> <span class='ocrx_word' id='word_1_226' title='bbox 1489 2090 1790 2157; x_wconf 88' lang='lat' dir='ltr'>principium</span> <span class='ocrx_word' id='word_1_227' title='bbox 1815 2090 2151 2157; x_wconf 84' lang='lat' dir='ltr'>inquisitionis</span> <span class='ocrx_word' id='word_1_228' title='bbox 2177 2091 2476 2143; x_wconf 87' lang='lat' dir='ltr'>directivum</span> <span class='ocrx_word' id='word_1_229' title='bbox 2502 2092 2573 2159; x_wconf 74' lang='lat' dir='ltr'>d).</span> 
     </span>
     <span class='ocr_line' id='line_1_23' title="bbox 447 2170 2567 2237; baseline 0 -15"><span class='ocrx_word' id='word_1_230' title='bbox 447 2177 652 2235; x_wconf 83' lang='lat' dir='ltr'>Propter</span> <span class='ocrx_word' id='word_1_231' title='bbox 689 2170 827 2235; x_wconf 89' lang='lat' dir='ltr'>quod</span> <span class='ocrx_word' id='word_1_232' title='bbox 865 2171 1126 2221; x_wconf 88' lang='lat' dir='ltr'>sciendum</span> <span class='ocrx_word' id='word_1_233' title='bbox 1162 2172 1362 2237; x_wconf 79' lang='lat' dir='ltr'>primo,</span> <span class='ocrx_word' id='word_1_234' title='bbox 1409 2171 1546 2237; x_wconf 90' lang='lat' dir='ltr'>quod</span> <span class='ocrx_word' id='word_1_235' title='bbox 1579 2177 1710 2222; x_wconf 90' lang='lat' dir='ltr'>Deus</span> <span class='ocrx_word' id='word_1_236' title='bbox 1747 2176 1799 2221; x_wconf 87' lang='lat' dir='ltr'>et</span> <span class='ocrx_word' id='word_1_237' title='bbox 1835 2177 2008 2223; x_wconf 85' lang='lat' dir='ltr'>natura</span> <span class='ocrx_word' id='word_1_238' title='bbox 2044 2171 2115 2222; x_wconf 92' lang='lat' dir='ltr'>nil</span> <span class='ocrx_word' id='word_1_239' title='bbox 2159 2172 2372 2223; x_wconf 87' lang='lat' dir='ltr'>otiosum</span> <span class='ocrx_word' id='word_1_240' title='bbox 2412 2172 2567 2224; x_wconf 83' lang='lat' dir='ltr'>facit:</span> 
     </span>
     <span class='ocr_line' id='line_1_24' title="bbox 447 2251 2570 2318; baseline 0 -15"><span class='ocrx_word' id='word_1_241' title='bbox 447 2253 536 2304; x_wconf 90' lang='lat' dir='ltr'>sed</span> <span class='ocrx_word' id='word_1_242' title='bbox 576 2251 820 2318; x_wconf 87' lang='lat' dir='ltr'>quicquid</span> <span class='ocrx_word' id='word_1_243' title='bbox 858 2252 1028 2318; x_wconf 90' lang='lat' dir='ltr'>prodit</span> <span class='ocrx_word' id='word_1_244' title='bbox 1062 2252 1113 2300; x_wconf 91' lang='lat' dir='ltr'>in</span> <span class='ocrx_word' id='word_1_245' title='bbox 1153 2269 1267 2303; x_wconf 89' lang='lat' dir='ltr'>esse</span> <span class='ocrx_word' id='word_1_246' title='bbox 1291 2288 1306 2312; x_wconf 83' lang='grc'><strong>,</strong></span> <span class='ocrx_word' id='word_1_247' title='bbox 1344 2261 1424 2304; x_wconf 89' lang='lat' dir='ltr'>est</span> <span class='ocrx_word' id='word_1_248' title='bbox 1460 2253 1521 2303; x_wconf 88' lang='lat' dir='ltr'>ad</span> <span class='ocrx_word' id='word_1_249' title='bbox 1559 2252 1781 2318; x_wconf 84' lang='lat' dir='ltr'>aliquam</span> <span class='ocrx_word' id='word_1_250' title='bbox 1810 2254 2174 2318; x_wconf 85' lang='lat' dir='ltr'>operationem.</span> <span class='ocrx_word' id='word_1_251' title='bbox 2206 2254 2411 2306; x_wconf 87' lang='lat' dir='ltr'>Minime</span> <span class='ocrx_word' id='word_1_252' title='bbox 2438 2255 2570 2306; x_wconf 91' lang='lat' dir='ltr'>enim</span> 
     </span>
     <span class='ocr_line' id='line_1_25' title="bbox 449 2332 2570 2400; baseline 0 -15"><span class='ocrx_word' id='word_1_253' title='bbox 449 2333 666 2385; x_wconf 88' lang='lat' dir='ltr'>essentia</span> <span class='ocrx_word' id='word_1_254' title='bbox 700 2333 806 2383; x_wconf 88' lang='lat' dir='ltr'>ulla</span> <span class='ocrx_word' id='word_1_255' title='bbox 844 2340 1011 2383; x_wconf 89' lang='lat' dir='ltr'>creata</span> <span class='ocrx_word' id='word_1_256' title='bbox 1049 2333 1261 2385; x_wconf 87' lang='lat' dir='ltr'>ultimus</span> <span class='ocrx_word' id='word_1_257' title='bbox 1296 2332 1412 2384; x_wconf 89' lang='lat' dir='ltr'>finis</span> <span class='ocrx_word' id='word_1_258' title='bbox 1449 2339 1524 2383; x_wconf 88' lang='lat' dir='ltr'>est</span> <span class='ocrx_word' id='word_1_259' title='bbox 1557 2333 1607 2382; x_wconf 89' lang='lat' dir='ltr'>in</span> <span class='ocrx_word' id='word_1_260' title='bbox 1645 2332 1922 2383; x_wconf 86' lang='lat' dir='ltr'>intentione</span> <span class='ocrx_word' id='word_1_261' title='bbox 1959 2334 2209 2392; x_wconf 82' lang='lat' dir='ltr'>creantiS,</span> <span class='ocrx_word' id='word_1_262' title='bbox 2248 2335 2295 2384; x_wconf 93' lang='lat' dir='ltr'>in</span> <span class='ocrx_word' id='word_1_263' title='bbox 2332 2342 2570 2400; x_wconf 88' lang='lat' dir='ltr'>quantum</span> 
     </span>
     <span class='ocr_line' id='line_1_26' title="bbox 446 2411 2571 2479; baseline -0 -13"><span class='ocrx_word' id='word_1_264' title='bbox 446 2430 661 2473; x_wconf 82' lang='lat' dir='ltr'>creans,</span> <span class='ocrx_word' id='word_1_265' title='bbox 702 2413 793 2463; x_wconf 91' lang='lat' dir='ltr'>sed</span> <span class='ocrx_word' id='word_1_266' title='bbox 830 2413 1037 2479; x_wconf 88' lang='lat' dir='ltr'>propria</span> <span class='ocrx_word' id='word_1_267' title='bbox 1076 2413 1322 2464; x_wconf 90' lang='lat' dir='ltr'>essentiae</span> <span class='ocrx_word' id='word_1_268' title='bbox 1360 2411 1606 2478; x_wconf 77' lang='lat' dir='ltr'>operatio·</span> <span class='ocrx_word' id='word_1_269' title='bbox 1642 2411 1780 2462; x_wconf 88' lang='lat' dir='ltr'>Unde</span> <span class='ocrx_word' id='word_1_270' title='bbox 1817 2413 1860 2473; x_wconf 85' lang='lat' dir='ltr'>e)</span> <span class='ocrx_word' id='word_1_271' title='bbox 1897 2417 1991 2470; x_wconf 76' lang='lat' dir='ltr'>est,</span> <span class='ocrx_word' id='word_1_272' title='bbox 2032 2412 2165 2477; x_wconf 88' lang='lat' dir='ltr'>quod</span> <span class='ocrx_word' id='word_1_273' title='bbox 2202 2427 2298 2462; x_wconf 90' lang='lat' dir='ltr'>non</span> <span class='ocrx_word' id='word_1_274' title='bbox 2341 2414 2571 2479; x_wconf 88' lang='lat' dir='ltr'>operatio</span> 
     </span>
     <span class='ocr_line' id='line_1_27' title="bbox 446 2490 2570 2563; baseline -0 -18"><span class='ocrx_word' id='word_1_275' title='bbox 446 2495 653 2562; x_wconf 87' lang='lat' dir='ltr'>propria</span> <span class='ocrx_word' id='word_1_276' title='bbox 688 2500 897 2562; x_wconf 85' lang='lat' dir='ltr'>propter</span> <span class='ocrx_word' id='word_1_277' title='bbox 934 2495 1201 2545; x_wconf 84' lang='lat' dir='ltr'>essentiam</span> <span class='ocrx_word' id='word_1_278' title='bbox 1225 2531 1240 2554; x_wconf 89' lang='lat'>,</span> <span class='ocrx_word' id='word_1_279' title='bbox 1281 2493 1371 2544; x_wconf 88' lang='lat' dir='ltr'>sed</span> <span class='ocrx_word' id='word_1_280' title='bbox 1404 2494 1531 2544; x_wconf 86' lang='lat' dir='ltr'>haee</span> <span class='ocrx_word' id='word_1_281' title='bbox 1570 2498 1777 2558; x_wconf 91' lang='lat' dir='ltr'>propter</span> <span class='ocrx_word' id='word_1_282' title='bbox 1801 2490 1941 2542; x_wconf 91' lang='lat' dir='ltr'>illam</span> <span class='ocrx_word' id='word_1_283' title='bbox 1968 2491 2128 2543; x_wconf 88' lang='lat' dir='ltr'>habet</span> <span class='ocrx_word' id='word_1_284' title='bbox 2153 2498 2205 2543; x_wconf 90' lang='lat' dir='ltr'>ut</span> <span class='ocrx_word' id='word_1_285' title='bbox 2229 2492 2309 2543; x_wconf 86' lang='lat' dir='ltr'>sit.</span> <span class='ocrx_word' id='word_1_286' title='bbox 2333 2498 2419 2544; x_wconf 88' lang='lat' dir='ltr'>Est</span> <span class='ocrx_word' id='word_1_287' title='bbox 2444 2511 2570 2563; x_wconf 85' lang='lat' dir='ltr'>ergo</span> 
     </span>
     <span class='ocr_line' id='line_1_28' title="bbox 446 2572 2570 2643; baseline -0.001 -16"><span class='ocrx_word' id='word_1_288' title='bbox 446 2578 616 2643; x_wconf 88' lang='lat' dir='ltr'>aliqua</span> <span class='ocrx_word' id='word_1_289' title='bbox 653 2575 857 2642; x_wconf 86' lang='lat' dir='ltr'>propria</span> <span class='ocrx_word' id='word_1_290' title='bbox 897 2577 1126 2643; x_wconf 87' lang='lat' dir='ltr'>operatio</span> <span class='ocrx_word' id='word_1_291' title='bbox 1162 2576 1413 2626; x_wconf 85' lang='lat' dir='ltr'>humanae</span> <span class='ocrx_word' id='word_1_292' title='bbox 1447 2572 1814 2632; x_wconf 84' lang='lat' dir='ltr'>universitatis,</span> <span class='ocrx_word' id='word_1_293' title='bbox 1853 2573 1915 2624; x_wconf 89' lang='lat' dir='ltr'>ad</span> <span class='ocrx_word' id='word_1_294' title='bbox 1954 2590 2102 2639; x_wconf 88' lang='lat' dir='ltr'>quam</span> <span class='ocrx_word' id='word_1_295' title='bbox 2140 2575 2247 2641; x_wconf 87' lang='lat' dir='ltr'>ipsa</span> <span class='ocrx_word' id='word_1_296' title='bbox 2268 2575 2570 2626; x_wconf 87' lang='lat' dir='ltr'>universitas</span> 
     </span>
     <span class='ocr_line' id='line_1_29' title="bbox 446 2652 2567 2720; baseline -0.001 -11"><span class='ocrx_word' id='word_1_297' title='bbox 446 2658 709 2709; x_wconf 88' lang='lat' dir='ltr'>hominum</span> <span class='ocrx_word' id='word_1_298' title='bbox 746 2657 798 2706; x_wconf 91' lang='lat' dir='ltr'>in</span> <span class='ocrx_word' id='word_1_299' title='bbox 835 2661 971 2707; x_wconf 75' lang='lat' dir='ltr'>tanta</span> <span class='ocrx_word' id='word_1_300' title='bbox 1007 2656 1330 2707; x_wconf 89' lang='lat' dir='ltr'>multitudine</span> <span class='ocrx_word' id='word_1_301' title='bbox 1364 2654 1657 2706; x_wconf 88' lang='lat' dir='ltr'>ordinatur:</span> <span class='ocrx_word' id='word_1_302' title='bbox 1698 2652 1761 2702; x_wconf 89' lang='lat' dir='ltr'>ad</span> <span class='ocrx_word' id='word_1_303' title='bbox 1799 2668 1949 2719; x_wconf 86' lang='lat' dir='ltr'>quarn</span> <span class='ocrx_word' id='word_1_304' title='bbox 1984 2653 2191 2720; x_wconf 90' lang='lat' dir='ltr'>quidem</span> <span class='ocrx_word' id='word_1_305' title='bbox 2217 2654 2567 2719; x_wconf 90' lang='lat' dir='ltr'>operationem</span> 
     </span>
     <span class='ocr_line' id='line_1_30' title="bbox 447 2731 2571 2796; baseline -0.001 -8"><span class='ocrx_word' id='word_1_306' title='bbox 447 2755 541 2788; x_wconf 87' lang='lat' dir='ltr'>nec</span> <span class='ocrx_word' id='word_1_307' title='bbox 580 2738 734 2788; x_wconf 90' lang='lat' dir='ltr'>homo</span> <span class='ocrx_word' id='word_1_308' title='bbox 770 2751 926 2796; x_wconf 79' lang='lat' dir='ltr'>unuS,</span> <span class='ocrx_word' id='word_1_309' title='bbox 964 2754 1058 2788; x_wconf 90' lang='lat' dir='ltr'>nec</span> <span class='ocrx_word' id='word_1_310' title='bbox 1096 2737 1279 2788; x_wconf 88' lang='lat' dir='ltr'>domus</span> <span class='ocrx_word' id='word_1_311' title='bbox 1316 2750 1411 2784; x_wconf 89' lang='lat' dir='ltr'>una</span> <span class='ocrx_word' id='word_1_312' title='bbox 1436 2771 1452 2795; x_wconf 90' lang='lat'>,</span> <span class='ocrx_word' id='word_1_313' title='bbox 1488 2747 1585 2783; x_wconf 88' lang='lat' dir='ltr'>nec</span> <span class='ocrx_word' id='word_1_314' title='bbox 1619 2731 1833 2790; x_wconf 85' lang='lat' dir='ltr'>vicinia,</span> <span class='ocrx_word' id='word_1_315' title='bbox 1869 2748 1963 2784; x_wconf 89' lang='lat' dir='ltr'>nec</span> <span class='ocrx_word' id='word_1_316' title='bbox 2001 2748 2098 2783; x_wconf 87' lang='lat' dir='ltr'>una</span> <span class='ocrx_word' id='word_1_317' title='bbox 2136 2731 2333 2793; x_wconf 83' lang='lat' dir='ltr'>civitaS,</span> <span class='ocrx_word' id='word_1_318' title='bbox 2371 2749 2464 2784; x_wconf 86' lang='lat' dir='ltr'>nec</span> <span class='ocrx_word' id='word_1_319' title='bbox 2491 2751 2571 2785; x_wconf 90' lang='lat' dir='ltr'>re-</span> 
     </span>
     <span class='ocr_line' id='line_1_31' title="bbox 449 2810 2568 2886; baseline -0.002 -18"><span class='ocrx_word' id='word_1_320' title='bbox 449 2835 602 2886; x_wconf 82' lang='lat' dir='ltr'>gnum</span> <span class='ocrx_word' id='word_1_321' title='bbox 642 2817 952 2883; x_wconf 87' lang='lat' dir='ltr'>particulare</span> <span class='ocrx_word' id='word_1_322' title='bbox 990 2818 1282 2885; x_wconf 82' lang='lat' dir='ltr'>pertingere</span> <span class='ocrx_word' id='word_1_323' title='bbox 1319 2820 1501 2881; x_wconf 88' lang='lat' dir='ltr'>potest.</span> <span class='ocrx_word' id='word_1_324' title='bbox 1557 2818 1695 2873; x_wconf 90' lang='lat' dir='ltr'>Quae</span> <span class='ocrx_word' id='word_1_325' title='bbox 1737 2818 1905 2863; x_wconf 88' lang='lat' dir='ltr'>autem</span> <span class='ocrx_word' id='word_1_326' title='bbox 1953 2810 2018 2864; x_wconf 88' lang='lat' dir='ltr'>sit</span> <span class='ocrx_word' id='word_1_327' title='bbox 2067 2810 2192 2872; x_wconf 90' lang='lat' dir='ltr'>illa,</span> <span class='ocrx_word' id='word_1_328' title='bbox 2244 2811 2568 2863; x_wconf 81' lang='lat' dir='ltr'>manifestum</span> 
     </span>
     <span class='ocr_line' id='line_1_32' title="bbox 448 2894 2573 2966; baseline -0.002 -15"><span class='ocrx_word' id='word_1_329' title='bbox 448 2900 537 2952; x_wconf 88' lang='lat' dir='ltr'>fiet</span> <span class='ocrx_word' id='word_1_330' title='bbox 556 2936 571 2958; x_wconf 85' lang='lat'>,</span> <span class='ocrx_word' id='word_1_331' title='bbox 611 2901 652 2951; x_wconf 92' lang='lat' dir='ltr'>si</span> <span class='ocrx_word' id='word_1_332' title='bbox 688 2900 922 2951; x_wconf 89' lang='lat' dir='ltr'>ultimum</span> <span class='ocrx_word' id='word_1_333' title='bbox 962 2900 1028 2950; x_wconf 89' lang='lat' dir='ltr'>de</span> <span class='ocrx_word' id='word_1_334' title='bbox 1063 2898 1289 2966; x_wconf 86' lang='lat' dir='ltr'>potentia</span> <span class='ocrx_word' id='word_1_335' title='bbox 1315 2897 1467 2947; x_wconf 87' lang='lat' dir='ltr'>totius</span> <span class='ocrx_word' id='word_1_336' title='bbox 1492 2894 1816 2945; x_wconf 87' lang='lat' dir='ltr'>humanitatis</span> <span class='ocrx_word' id='word_1_337' title='bbox 1842 2900 2097 2960; x_wconf 83' lang='lat' dir='ltr'>appareat.</span> <span class='ocrx_word' id='word_1_338' title='bbox 2123 2894 2242 2944; x_wconf 91' lang='lat' dir='ltr'>Dico</span> <span class='ocrx_word' id='word_1_339' title='bbox 2268 2909 2412 2960; x_wconf 86' lang='lat' dir='ltr'>ergo,</span> <span class='ocrx_word' id='word_1_340' title='bbox 2437 2894 2573 2961; x_wconf 86' lang='lat' dir='ltr'>quod</span> 
     </span>
     <span class='ocr_line' id='line_1_33' title="bbox 452 2975 2575 3048; baseline -0.003 -16"><span class='ocrx_word' id='word_1_341' title='bbox 452 2982 589 3032; x_wconf 89' lang='lat' dir='ltr'>nulla</span> <span class='ocrx_word' id='word_1_342' title='bbox 625 2983 702 3033; x_wconf 91' lang='lat' dir='ltr'>vis</span> <span class='ocrx_word' id='word_1_343' title='bbox 739 3000 768 3034; x_wconf 91' lang='lat' dir='ltr'>a</span> <span class='ocrx_word' id='word_1_344' title='bbox 801 2982 1031 3048; x_wconf 88' lang='lat' dir='ltr'>pluribus</span> <span class='ocrx_word' id='word_1_345' title='bbox 1070 2981 1242 3046; x_wconf 91' lang='lat' dir='ltr'>specie</span> <span class='ocrx_word' id='word_1_346' title='bbox 1281 2977 1496 3030; x_wconf 86' lang='lat' dir='ltr'>diversis</span> <span class='ocrx_word' id='word_1_347' title='bbox 1532 2976 1864 3043; x_wconf 85' lang='lat' dir='ltr'>participata,</span> <span class='ocrx_word' id='word_1_348' title='bbox 1902 2975 2135 3025; x_wconf 88' lang='lat' dir='ltr'>ultimum</span> <span class='ocrx_word' id='word_1_349' title='bbox 2173 2982 2249 3027; x_wconf 88' lang='lat' dir='ltr'>est</span> <span class='ocrx_word' id='word_1_350' title='bbox 2298 2976 2359 3026; x_wconf 89' lang='lat' dir='ltr'>de</span> <span class='ocrx_word' id='word_1_351' title='bbox 2398 2982 2575 3042; x_wconf 90' lang='lat' dir='ltr'>poten-</span> 
     </span>
     <span class='ocr_line' id='line_1_34' title="bbox 449 3054 2576 3131; baseline -0.003 -19"><span class='ocrx_word' id='word_1_352' title='bbox 449 3063 518 3115; x_wconf 86' lang='lat' dir='ltr'>tia</span> <span class='ocrx_word' id='word_1_353' title='bbox 556 3063 767 3131; x_wconf 88' lang='lat' dir='ltr'>alicujus</span> <span class='ocrx_word' id='word_1_354' title='bbox 801 3062 1028 3113; x_wconf 89' lang='lat' dir='ltr'>illorum.</span> <span class='ocrx_word' id='word_1_355' title='bbox 1064 3062 1188 3122; x_wconf 86' lang='lat' dir='ltr'>Quia</span> <span class='ocrx_word' id='word_1_356' title='bbox 1226 3076 1342 3111; x_wconf 87' lang='lat' dir='ltr'>cum</span> <span class='ocrx_word' id='word_1_357' title='bbox 1379 3058 1508 3109; x_wconf 92' lang='lat' dir='ltr'>illud</span> <span class='ocrx_word' id='word_1_358' title='bbox 1547 3056 1684 3123; x_wconf 87' lang='lat' dir='ltr'>quod</span> <span class='ocrx_word' id='word_1_359' title='bbox 1722 3063 1802 3108; x_wconf 86' lang='lat' dir='ltr'>est</span> <span class='ocrx_word' id='word_1_360' title='bbox 1839 3055 2072 3106; x_wconf 88' lang='lat' dir='ltr'>ultimum</span> <span class='ocrx_word' id='word_1_361' title='bbox 2117 3056 2219 3106; x_wconf 88' lang='lat' dir='ltr'>tale</span> <span class='ocrx_word' id='word_1_362' title='bbox 2257 3057 2319 3123; x_wconf 79' lang='lat' dir='ltr'>f),</span> <span class='ocrx_word' id='word_1_363' title='bbox 2356 3054 2421 3106; x_wconf 87' lang='lat' dir='ltr'>sit</span> <span class='ocrx_word' id='word_1_364' title='bbox 2455 3071 2576 3107; x_wconf 84' lang='lat' dir='ltr'>con-</span> 
     </span>
     <span class='ocr_line' id='line_1_35' title="bbox 452 3134 2575 3208; baseline -0.003 -16"><span class='ocrx_word' id='word_1_365' title='bbox 452 3142 735 3193; x_wconf 87' lang='lat' dir='ltr'>stitutivum</span> <span class='ocrx_word' id='word_1_366' title='bbox 776 3141 1003 3208; x_wconf 80' lang='lat' dir='ltr'>speciei3</span> <span class='ocrx_word' id='word_1_367' title='bbox 1048 3147 1389 3205; x_wconf 86' lang='lat' dir='ltr'>sequeretur,</span> <span class='ocrx_word' id='word_1_368' title='bbox 1426 3137 1562 3204; x_wconf 89' lang='lat' dir='ltr'>quod</span> <span class='ocrx_word' id='word_1_369' title='bbox 1600 3153 1698 3187; x_wconf 90' lang='lat' dir='ltr'>una</span> <span class='ocrx_word' id='word_1_370' title='bbox 1742 3137 1960 3189; x_wconf 87' lang='lat' dir='ltr'>essentia</span> <span class='ocrx_word' id='word_1_371' title='bbox 2012 3135 2248 3203; x_wconf 88' lang='lat' dir='ltr'>pluribus</span> <span class='ocrx_word' id='word_1_372' title='bbox 2301 3134 2575 3201; x_wconf 83' lang='lat' dir='ltr'>speciebus</span> 
     </span>
     <span class='ocr_line' id='line_1_36' title="bbox 452 3215 2574 3288; baseline -0.004 -15"><span class='ocrx_word' id='word_1_373' title='bbox 452 3229 589 3273; x_wconf 88' lang='lat' dir='ltr'>esset</span> <span class='ocrx_word' id='word_1_374' title='bbox 626 3221 951 3288; x_wconf 84' lang='lat' dir='ltr'>specificata;</span> <span class='ocrx_word' id='word_1_375' title='bbox 989 3220 1126 3287; x_wconf 89' lang='lat' dir='ltr'>quod</span> <span class='ocrx_word' id='word_1_376' title='bbox 1164 3227 1240 3272; x_wconf 89' lang='lat' dir='ltr'>est</span> <span class='ocrx_word' id='word_1_377' title='bbox 1278 3218 1612 3286; x_wconf 83' lang='lat' dir='ltr'>impossibile.</span> <span class='ocrx_word' id='word_1_378' title='bbox 1643 3222 1753 3270; x_wconf 92' lang='lat' dir='ltr'>Non</span> <span class='ocrx_word' id='word_1_379' title='bbox 1793 3223 1870 3269; x_wconf 90' lang='lat' dir='ltr'>est</span> <span class='ocrx_word' id='word_1_380' title='bbox 1905 3234 2028 3285; x_wconf 86' lang='lat' dir='ltr'>ergo</span> <span class='ocrx_word' id='word_1_381' title='bbox 2063 3217 2140 3267; x_wconf 89' lang='lat' dir='ltr'>vis</span> <span class='ocrx_word' id='word_1_382' title='bbox 2176 3216 2354 3267; x_wconf 89' lang='lat' dir='ltr'>ultima</span> <span class='ocrx_word' id='word_1_383' title='bbox 2396 3215 2446 3265; x_wconf 92' lang='lat' dir='ltr'>in</span> <span class='ocrx_word' id='word_1_384' title='bbox 2480 3215 2574 3265; x_wconf 91' lang='lat' dir='ltr'>ho-</span> 
     </span>
     <span class='ocr_line' id='line_1_37' title="bbox 453 3296 2576 3371; baseline -0.004 -18"><span class='ocrx_word' id='word_1_385' title='bbox 453 3303 591 3354; x_wconf 89' lang='lat' dir='ltr'>mine</span> <span class='ocrx_word' id='word_1_386' title='bbox 614 3339 629 3362; x_wconf 83' lang='lat'><strong>‚</strong></span> <span class='ocrx_word' id='word_1_387' title='bbox 666 3304 832 3369; x_wconf 88' lang='lat' dir='ltr'>ipsum</span> <span class='ocrx_word' id='word_1_388' title='bbox 873 3320 986 3355; x_wconf 89' lang='lat' dir='ltr'>esse</span> <span class='ocrx_word' id='word_1_389' title='bbox 1023 3303 1327 3371; x_wconf 88' lang='lat' dir='ltr'>simpliciter</span> <span class='ocrx_word' id='word_1_390' title='bbox 1365 3309 1660 3369; x_wconf 82' lang='lat' dir='ltr'>sumptum3</span> <span class='ocrx_word' id='word_1_391' title='bbox 1700 3300 1817 3367; x_wconf 91' lang='lat' dir='ltr'>quia</span> <span class='ocrx_word' id='word_1_392' title='bbox 1854 3306 1905 3352; x_wconf 90' lang='lat' dir='ltr'>et</span> <span class='ocrx_word' id='word_1_393' title='bbox 1941 3299 2011 3350; x_wconf 89' lang='lat' dir='ltr'>sic</span> <span class='ocrx_word' id='word_1_394' title='bbox 2057 3305 2312 3364; x_wconf 90' lang='lat' dir='ltr'>sumptum</span> <span class='ocrx_word' id='word_1_395' title='bbox 2357 3296 2423 3346; x_wconf 87' lang='lat' dir='ltr'>ab</span> <span class='ocrx_word' id='word_1_396' title='bbox 2470 3296 2576 3347; x_wconf 86' lang='lat' dir='ltr'>ele·</span> 
     </span>
     <span class='ocr_line' id='line_1_38' title="bbox 452 3376 2571 3451; baseline -0.004 -18"><span class='ocrx_word' id='word_1_397' title='bbox 452 3383 1032 3451; x_wconf 80' lang='lat' dir='ltr'>mentisparticipatur:</span> <span class='ocrx_word' id='word_1_398' title='bbox 1071 3401 1165 3437; x_wconf 91' lang='lat' dir='ltr'>nec</span> <span class='ocrx_word' id='word_1_399' title='bbox 1202 3400 1312 3435; x_wconf 90' lang='lat' dir='ltr'>esse</span> <span class='ocrx_word' id='word_1_400' title='bbox 1349 3383 1841 3450; x_wconf 86' lang='lat' dir='ltr'>complexionatum,</span> <span class='ocrx_word' id='word_1_401' title='bbox 1878 3381 1997 3448; x_wconf 90' lang='lat' dir='ltr'>quia</span> <span class='ocrx_word' id='word_1_402' title='bbox 2036 3385 2085 3431; x_wconf 88' lang='lat' dir='ltr'>et</span> <span class='ocrx_word' id='word_1_403' title='bbox 2121 3379 2219 3431; x_wconf 90' lang='lat' dir='ltr'>hoc</span> <span class='ocrx_word' id='word_1_404' title='bbox 2246 3378 2496 3445; x_wconf 88' lang='lat' dir='ltr'>reperitur</span> <span class='ocrx_word' id='word_1_405' title='bbox 2521 3376 2571 3425; x_wconf 91' lang='lat' dir='ltr'>in</span> 
     </span>
     <span class='ocr_line' id='line_1_39' title="bbox 452 3458 2575 3532; baseline -0.004 -19"><span class='ocrx_word' id='word_1_406' title='bbox 452 3464 765 3516; x_wconf 90' lang='lat' dir='ltr'>naturalibus</span> <span class='ocrx_word' id='word_1_407' title='bbox 802 3463 884 3532; x_wconf 82' lang='lat'>9):</span> <span class='ocrx_word' id='word_1_408' title='bbox 920 3480 1014 3515; x_wconf 90' lang='lat' dir='ltr'>nec</span> <span class='ocrx_word' id='word_1_409' title='bbox 1053 3480 1162 3514; x_wconf 88' lang='lat' dir='ltr'>esse</span> <span class='ocrx_word' id='word_1_410' title='bbox 1199 3465 1510 3525; x_wconf 88' lang='lat' dir='ltr'>animatum,</span> <span class='ocrx_word' id='word_1_411' title='bbox 1557 3462 1670 3529; x_wconf 89' lang='lat' dir='ltr'>quia</span> <span class='ocrx_word' id='word_1_412' title='bbox 1718 3461 1793 3512; x_wconf 89' lang='lat' dir='ltr'>sic</span> <span class='ocrx_word' id='word_1_413' title='bbox 1846 3466 1896 3512; x_wconf 90' lang='lat' dir='ltr'>et</span> <span class='ocrx_word' id='word_1_414' title='bbox 1945 3461 1996 3510; x_wconf 90' lang='lat' dir='ltr'>in</span> <span class='ocrx_word' id='word_1_415' title='bbox 2041 3458 2260 3526; x_wconf 85' lang='lat' dir='ltr'>plantis:</span> <span class='ocrx_word' id='word_1_416' title='bbox 2316 3472 2410 3506; x_wconf 90' lang='lat' dir='ltr'>nec</span> <span class='ocrx_word' id='word_1_417' title='bbox 2459 3470 2575 3506; x_wconf 89' lang='lat' dir='ltr'>esse</span> 
     </span>
    </p>
   </div>
   <div class='ocr_carea' id='block_1_5' title="bbox 458 3596 2576 3825">
    <p class='ocr_par' dir='ltr' id='par_1_5' title="bbox 510 3596 2467 3657">
     <span class='ocr_line' id='line_1_40' title="bbox 510 3596 2467 3657; baseline -0.007 -10"><span class='ocrx_word' id='word_1_418' title='bbox 510 3604 555 3657; x_wconf 89' lang='lat' dir='ltr'>a)</span> <span class='ocrx_word' id='word_1_419' title='bbox 588 3605 658 3646; x_wconf 87' lang='lat' dir='ltr'>Sic</span> <span class='ocrx_word' id='word_1_420' title='bbox 688 3605 799 3647; x_wconf 89' lang='lat' dir='ltr'>Cod.</span> <span class='ocrx_word' id='word_1_421' title='bbox 829 3605 939 3646; x_wconf 86' lang='lat' dir='ltr'>Ven.</span> <span class='ocrx_word' id='word_1_422' title='bbox 970 3603 1021 3645; x_wconf 92' lang='lat' dir='ltr'>In</span> <span class='ocrx_word' id='word_1_423' title='bbox 1051 3604 1171 3654; x_wconf 85' lang='lat' dir='ltr'>vulg.</span> <span class='ocrx_word' id='word_1_424' title='bbox 1201 3603 1334 3644; x_wconf 76' lang='lat' dir='ltr'>utilis.</span> <span class='ocrx_word' id='word_1_425' title='bbox 1596 3598 1635 3654; x_wconf 84' lang='lat' dir='ltr'>e)</span> <span class='ocrx_word' id='word_1_426' title='bbox 1669 3600 1739 3641; x_wconf 84' lang='lat' dir='ltr'>Sic</span> <span class='ocrx_word' id='word_1_427' title='bbox 1771 3599 1881 3642; x_wconf 85' lang='lat' dir='ltr'>Cod.</span> <span class='ocrx_word' id='word_1_428' title='bbox 1913 3599 2027 3641; x_wconf 91' lang='lat' dir='ltr'>Ven.</span> <span class='ocrx_word' id='word_1_429' title='bbox 2055 3598 2105 3640; x_wconf 92' lang='lat' dir='ltr'>In</span> <span class='ocrx_word' id='word_1_430' title='bbox 2136 3597 2253 3647; x_wconf 81' lang='lat' dir='ltr'>vulg.</span> <span class='ocrx_word' id='word_1_431' title='bbox 2288 3596 2467 3637; x_wconf 77' lang='lat' dir='ltr'>Veram.</span> 
     </span>
    </p>

    <p class='ocr_par' dir='ltr' id='par_1_6' title="bbox 512 3654 2355 3716">
     <span class='ocr_line' id='line_1_41' title="bbox 512 3654 2355 3716; baseline -0.004 -16"><span class='ocrx_word' id='word_1_432' title='bbox 512 3661 552 3712; x_wconf 86' lang='lat' dir='ltr'>b)</span> <span class='ocrx_word' id='word_1_433' title='bbox 583 3662 711 3712; x_wconf 82' lang='lat' dir='ltr'>Vulg.</span> <span class='ocrx_word' id='word_1_434' title='bbox 744 3664 830 3703; x_wconf 79' lang='lat' dir='ltr'>hic.</span> <span class='ocrx_word' id='word_1_435' title='bbox 862 3662 974 3702; x_wconf 87' lang='lat' dir='ltr'>Vide</span> <span class='ocrx_word' id='word_1_436' title='bbox 1004 3661 1258 3702; x_wconf 89' lang='lat' dir='ltr'>versionem</span> <span class='ocrx_word' id='word_1_437' title='bbox 1291 3659 1442 3700; x_wconf 85' lang='lat' dir='ltr'>Ficini.</span> <span class='ocrx_word' id='word_1_438' title='bbox 1534 3694 1537 3697; x_wconf 15' lang='grc' dir='ltr'><em>Α</em></span> <span class='ocrx_word' id='word_1_439' title='bbox 1594 3657 1625 3709; x_wconf 71' lang='lat' dir='ltr'>s)</span> <span class='ocrx_word' id='word_1_440' title='bbox 1657 3657 1706 3697; x_wconf 91' lang='lat' dir='ltr'>In</span> <span class='ocrx_word' id='word_1_441' title='bbox 1738 3657 1847 3698; x_wconf 86' lang='lat' dir='ltr'>Cod.</span> <span class='ocrx_word' id='word_1_442' title='bbox 1880 3657 1991 3696; x_wconf 87' lang='lat' dir='ltr'>Ven.</span> <span class='ocrx_word' id='word_1_443' title='bbox 2024 3656 2148 3696; x_wconf 86' lang='lat' dir='ltr'>deest</span> <span class='ocrx_word' id='word_1_444' title='bbox 2177 3654 2273 3694; x_wconf 78' lang='lat' dir='ltr'>tale.</span> <span class='ocrx_word' id='word_1_445' title='bbox 2346 3707 2355 3716; x_wconf 44' lang='lat'><strong>·</strong></span> 
     </span>
    </p>

    <p class='ocr_par' dir='ltr' id='par_1_7' title="bbox 458 3708 2576 3825">
     <span class='ocr_line' id='line_1_42' title="bbox 513 3708 2575 3768; baseline -0.003 -12"><span class='ocrx_word' id='word_1_446' title='bbox 513 3715 553 3768; x_wconf 78' lang='lat' dir='ltr'>e)</span> <span class='ocrx_word' id='word_1_447' title='bbox 588 3717 659 3758; x_wconf 85' lang='lat' dir='ltr'>Sic</span> <span class='ocrx_word' id='word_1_448' title='bbox 690 3715 827 3768; x_wconf 79' lang='lat' dir='ltr'>recte,</span> <span class='ocrx_word' id='word_1_449' title='bbox 856 3716 985 3767; x_wconf 84' lang='lat' dir='ltr'>juxta</span> <span class='ocrx_word' id='word_1_450' title='bbox 1029 3717 1302 3758; x_wconf 89' lang='lat' dir='ltr'>versionem.</span> <span class='ocrx_word' id='word_1_451' title='bbox 1339 3715 1471 3767; x_wconf 82' lang='lat' dir='ltr'>Vulg.</span> <span class='ocrx_word' id='word_1_452' title='bbox 1598 3712 1638 3764; x_wconf 80' lang='lat' dir='ltr'>q)</span> <span class='ocrx_word' id='word_1_453' title='bbox 1673 3712 1743 3752; x_wconf 82' lang='lat' dir='ltr'>Sic</span> <span class='ocrx_word' id='word_1_454' title='bbox 1774 3722 1877 3754; x_wconf 90' lang='lat' dir='ltr'>cum</span> <span class='ocrx_word' id='word_1_455' title='bbox 1910 3712 1988 3753; x_wconf 88' lang='lat' dir='ltr'>PF.</span> <span class='ocrx_word' id='word_1_456' title='bbox 2023 3711 2078 3752; x_wconf 88' lang='lat' dir='ltr'>ad</span> <span class='ocrx_word' id='word_1_457' title='bbox 2115 3717 2317 3750; x_wconf 90' lang='lat' dir='ltr'>normam</span> <span class='ocrx_word' id='word_1_458' title='bbox 2344 3708 2431 3747; x_wconf 82' lang='lat' dir='ltr'>ital.</span> <span class='ocrx_word' id='word_1_459' title='bbox 2473 3718 2575 3749; x_wconf 85' lang='lat' dir='ltr'>ver·</span> 
     </span>
     <span class='ocr_line' id='line_1_43' title="bbox 458 3763 2576 3825; baseline -0.004 -11"><span class='ocrx_word' id='word_1_460' title='bbox 458 3774 657 3825; x_wconf 72' lang='lat' dir='ltr'>optimus.</span> <span class='ocrx_word' id='word_1_461' title='bbox 1542 3769 1697 3814; x_wconf 80' lang='lat' dir='ltr'>sionis.·‚</span> <span class='ocrx_word' id='word_1_462' title='bbox 1730 3768 1771 3807; x_wconf 86' lang='lat' dir='ltr'>tn</span> <span class='ocrx_word' id='word_1_463' title='bbox 1803 3769 1920 3821; x_wconf 80' lang='lat' dir='ltr'>vulg.</span> <span class='ocrx_word' id='word_1_464' title='bbox 1952 3767 2237 3816; x_wconf 56' lang='lat' dir='ltr'>animantia-33</span> <span class='ocrx_word' id='word_1_465' title='bbox 2268 3763 2311 3805; x_wconf 83' lang='lat' dir='ltr'>in</span> <span class='ocrx_word' id='word_1_466' title='bbox 2336 3763 2451 3807; x_wconf 85' lang='lat' dir='ltr'>Cod.</span> <span class='ocrx_word' id='word_1_467' title='bbox 2476 3763 2576 3806; x_wconf 74' lang='lat' dir='ltr'>Vat-</span> 
     </span>
    </p>
   </div>
   <div class='ocr_carea' id='block_1_6' title="bbox 513 3825 1833 3880">
    <p class='ocr_par' dir='ltr' id='par_1_8' title="bbox 513 3825 1833 3880">
     <span class='ocr_line' id='line_1_44' title="bbox 513 3825 1833 3880; baseline -0.004 -11"><span class='ocrx_word' id='word_1_468' title='bbox 513 3828 556 3880; x_wconf 78' lang='lat' dir='ltr'>d)</span> <span class='ocrx_word' id='word_1_469' title='bbox 588 3828 694 3870; x_wconf 80' lang='lat' dir='ltr'>God.</span> <span class='ocrx_word' id='word_1_470' title='bbox 727 3829 822 3870; x_wconf 89' lang='lat' dir='ltr'>Vat.</span> <span class='ocrx_word' id='word_1_471' title='bbox 855 3830 1161 3871; x_wconf 71' lang='lat' dir='ltr'>directionum.</span> <span class='ocrx_word' id='word_1_472' title='bbox 1543 3825 1833 3867; x_wconf 62' lang='lat' dir='ltr'>minema-bus.</span> 
     </span>
    </p>
   </div>
  </div>
 </body>
</html>
