2696 4230
371 195 435 239 60
993 206 1063 239 nu
1099 194 1409 240 Momncnm
1446 194 1551 240 Lm.
1589 194 1671 249 11,
1709 191 1761 239 C.
1801 195 1890 239 IX.

368 289 525 338 mine.
565 293 773 342 Certare
811 291 966 349 enim,
1005 289 1069 336 ab
1109 305 1171 338 eo
1210 284 1344 352 quod
1384 295 1462 339 est
1502 295 1700 340 certum
1736 288 1931 347 facere,
1971 287 2164 338 dictum
2207 295 2296 340 est.
2364 300 2509 347 Sorte

367 370 627 434 siquidem
669 372 976 436 quandoque
1013 367 1102 417 Dei
1134 368 1388 434 judicium
1429 369 1688 419 revelatur
1715 368 2046 428 homiuibus;
2084 376 2138 420 ut
2161 376 2296 434 patet
2319 371 2370 420 in
2398 377 2515 424 sub-

369 452 629 500 stitutione
668 449 910 501 Matthiae
948 449 998 497 in
1050 448 1263 497 Actibus
1315 448 1697 512 Apostolorum.
1752 449 2039 498 Certamine
2086 455 2208 498 vero
2247 451 2516 514 dupliciter

367 531 457 579 Dei
495 530 741 596 judicium
784 527 1044 592 aperitur:
1083 526 1165 576 vel
1206 544 1270 576 ex
1309 526 1576 577 collisione
1630 527 1811 578 virium
1837 564 1852 586 ‚
1895 529 2024 578 sicut
2064 529 2119 578 fit
2158 547 2251 594 per
2288 531 2515 581 duellum

364 611 593 675 pugilum
617 647 631 668 ‚
671 608 756 672 qui
795 607 1083 656 duelliones
1123 607 1277 656 etiam
1315 613 1600 667 vocantur;
1637 607 1722 658 vel
1757 625 1824 658 ex
1850 610 2171 660 contentione
2201 610 2422 676 plurium
2453 613 2516 661 ad

369 686 577 751 aliquod
616 686 812 752 signum
854 684 1151 750 praevalere
1191 678 1510 745 conantium,
1548 687 1679 737 sicut
1717 686 1775 738 fit
1813 703 1911 752 per
1948 704 2168 755 pugnam
2210 689 2515 742 athletarum

368 766 682 815 currentium
725 766 787 814 ad
830 765 1085 814 bravium,
1135 766 1335 815 Primus
1370 765 1585 815 istorum
1639 767 1915 817 modorum
1954 768 2092 832 apud
2130 767 2354 819 Gentiles
2392 767 2518 835 figu-

369 852 506 895 ratus
543 844 635 894 fuit
669 846 718 893 in
756 844 845 894 illo
882 844 1057 896 duello
1112 845 1350 894 Herculis
1400 850 1450 894 et
1499 846 1684 905 Antei,
1736 847 1884 913 cnjus
1930 852 2158 897 Lucanus
2196 847 2429 898 meminit
2467 849 2519 897 in

370 935 552 990 quarto
589 929 922 984 Pharsaliae,
963 931 1013 974 et
1051 925 1335 976 Ovidiusin
1371 941 1503 975 nono
1547 930 1617 977 De
1656 941 1816 975 reram
1854 932 2288 978 transmutatione.
2327 934 2519 979 Secun-

371 1007 465 1055 dus
501 1005 750 1069 figuratur
788 1007 921 1071 apud
960 1007 1170 1056 eosdem
1209 1006 1260 1055 in
1299 1005 1531 1056 Atalanta
1568 1012 1618 1056 et
1654 1006 2013 1071 Hippomene,
2053 1008 2106 1056 in
2145 1008 2348 1058 decimo
2388 1010 2519 1075 ejus-

367 1086 501 1136 dcm.
544 1086 788 1137 Similiter
826 1093 875 1136 et
925 1088 1086 1137 latere
1121 1103 1218 1137 non
1259 1085 1450 1142 debet,
1491 1085 1736 1150 quoniam
1772 1085 1824 1133 in
1863 1085 1944 1134 his
1983 1086 2184 1136 duobus
2222 1087 2521 1138 decertandi

370 1164 644 1229 generibus
681 1166 746 1215 ita
785 1183 838 1217 se
876 1166 1034 1215 habet
1068 1182 1168 1224 reS,
1198 1171 1252 1215 ut
1287 1165 1334 1213 in
1372 1164 1539 1214 altero
1578 1164 1685 1214 sine
1722 1164 1911 1232 injuria
1937 1165 2256 1216 decertantes
2294 1165 2517 1231 impedi-

362 1258 418 1290 re
460 1259 512 1292 se
551 1242 769 1306 possint,
806 1249 920 1308 puta
962 1243 1286 1294 duelliones:
1322 1243 1372 1292 in
1411 1243 1575 1294 altero
1613 1250 1783 1293 autem
1821 1259 1957 1302 non3
1996 1259 2093 1293 non
2128 1245 2262 1293 enim
2290 1244 2514 1295 athletae

362 1321 728 1385 impedimento
767 1322 817 1371 in
857 1322 1160 1373 alterutrum
1200 1324 1269 1372 uti
1310 1322 1533 1373 debent:
1573 1323 1808 1389 quamvis
1840 1327 1993 1372 Poeta
2021 1329 2191 1373 noster
2220 1322 2369 1373 aliter
2404 1341 2517 1374 sen-

362 1401 463 1451 tire
501 1400 739 1450 videatur
776 1401 827 1451 in
866 1402 1078 1467 quinte,
1117 1418 1232 1452 cum
1272 1400 1399 1452 fecit
1435 1402 1756 1452 remunerari
1794 1402 2090 1469 Euryalum.
2130 1409 2344 1467 Propter
2379 1405 2513 1468 quod

363 1481 548 1531 melius
586 1482 780 1533 Tullius
819 1482 869 1530 in
906 1483 1057 1533 tertio
1095 1490 1151 1533 de
1191 1484 1385 1547 Officiis
1423 1482 1522 1533 hoc
1576 1481 1871 1547 prohibuit,
1908 1483 2210 1532 sententiam
2250 1484 2514 1551 Chrysippi

365 1575 617 1622 sequen53
657 1562 729 1612 ait
767 1563 899 1612 enim
940 1562 1042 1614 sic:
1083 1565 1213 1613 Scite·
1257 1567 1591 1623 Chrysippus,
1628 1567 1682 1609 ut
1707 1565 1894 1609 multa:
1937 1563 2036 1618 Qui
2058 1568 2276 1612 stadium
2304 1563 2516 1630 (inquil)

363 1646 559 1699 currit,
597 1646 723 1692 eniti
758 1650 801 1690 et
836 1649 1122 1692 contendere
1170 1648 1342 1702 debet,
1380 1646 1526 1705 quam
1564 1645 1781 1690 maoeime
1826 1647 2021 1703 possit,
2057 1653 2115 1692 ut
2151 1649 2315 1693 vincat
2342 1663 2362 1700 ,-
2401 1662 2515 1706 sup-

361 1722 589 1778 plantare
627 1728 787 1770 autern
826 1738 951 1780 enm,
986 1727 1071 1782 qui
1109 1739 1216 1772 cum
1255 1730 1440 1781 certet,
1478 1726 1611 1770 nullo
1650 1725 1788 1770 modo
1826 1726 1976 1770 debet.
2014 1721 2083 1771 Iis
2119 1722 2294 1788 itaque
2334 1725 2385 1773 in
2424 1730 2513 1775 Ca-

363 1796 528 1860 pitulo
560 1799 657 1847 hoc
696 1798 943 1848 distinctis
964 1835 979 1858 ‚
1017 1801 1141 1850 duas
1177 1801 1400 1851 rationes
1441 1800 1674 1850 efficaces
1700 1800 1764 1848 ad
1789 1801 2106 1864 propositum
2137 1803 2371 1865 accipere
2401 1820 2514 1868 pos-

363 1891 575 1935 sumus;
614 1877 809 1927 scilicet
846 1893 874 1928 a
912 1878 1277 1944 disceptatione
1316 1880 1615 1930 athletarum
1646 1895 1798 1929 unam
1825 1913 1839 1937 ‚
1877 1886 1928 1930 et
1967 1896 1994 1930 a
2033 1880 2396 1947 disceptatione
2423 1900 2515 1948 pu-

364 1956 520 2020 gilum
559 1957 811 2008 alteram:
862 1975 987 2026 quas
1042 1959 1252 2026 quidem
1293 1975 1579 2027 prosequar
1629 1959 1681 2011 in
1727 1960 2066 2025 sequentihus
2119 1969 2171 2014 et
2204 1962 2515 2014 immediatis

364 2036 621 2101 Capitulis.

1274 2279 1475 2325 CAPUT
1515 2279 1595 2324 IX.

432 2513 526 2562 Ille
565 2511 719 2577 igitur
767 2511 1024 2577 populus,
1079 2511 1166 2575 qui
1219 2509 1414 2561 cunctis
1469 2507 1891 2561 athletizantibus
1929 2529 2022 2577 pro
2075 2512 2298 2578 imperio
2336 2515 2514 2564 mundi

364 2592 681 2658 praevaluit,
721 2591 784 2642 de
824 2593 995 2643 divino
1027 2592 1220 2658 judicio
1260 2589 1566 2655 praevaluit.
1602 2594 1729 2640 Nam
1769 2597 1882 2641 cnm
1907 2592 2187 2658 diremptio
2213 2593 2516 2644 universalis

364 2673 517 2738 litigii
557 2672 720 2737 magis
758 2677 864 2722 Deo
903 2673 964 2723 sit
1003 2688 1192 2732 curae,
1231 2686 1381 2736 quam
1423 2668 1700 2733 diremptio
1738 2671 2099 2735 particulari53
2139 2678 2190 2722 et:
2225 2674 2275 2723 in
2295 2676 2516 2738 particu-

363 2753 562 2804 laribus
601 2754 778 2819 litigiis
816 2753 1124 2818 quibusdam
1164 2770 1258 2818 per
1297 2751 1516 2802 athletas
1554 2750 1778 2800 divinum
1814 2752 2062 2818 judicium
2100 2754 2413 2819 postulatur,
2438 2756 2516 2822 ju-

363 2837 450 2881 xta
479 2834 583 2899 jam
622 2833 798 2883 tritum
839 2833 1196 2897 proverbium:
1237 2835 1324 2881 Cui
1363 2835 1492 2882 Deus
1532 2835 1772 2889 coneedit,
1814 2832 2068 2881 benedicat
2103 2840 2146 2882 et
2179 2837 2379 2882 Petrus:
2407 2834 2515 2883 nul-

364 2911 470 2960 lum
511 2912 724 2960 dubium
762 2917 838 2960 est
866 2946 881 2970 ,
920 2911 1042 2976 quin
1083 2911 1432 2975 praevalentia
1471 2910 1520 2959 in
1561 2911 1771 2962 athletis
1809 2928 1904 2976 pro
1940 2912 2163 2978 Imperio
2202 2912 2377 2961 mundi
2405 2928 2516 2963 cer-

363 2991 588 3041 tantibus
613 2992 703 3041 Dei
738 2992 992 3059 judicium
1034 2990 1098 3042 sit
1136 3000 1371 3058 sequuta.
1409 2998 1667 3043 Romanus
1706 2992 1960 3057 populus,
1990 2992 2190 3043 cunctis
2215 2992 2520 3044 athletizan-

363 3069 504 3119 tibus
542 3085 631 3134 pro
670 3071 896 3135 Imperio
935 3070 1143 3130 mundi,
1182 3070 1511 3136 praevaluit:
1551 3071 1685 3136 quod
1724 3071 1820 3121 erit
1858 3070 2191 3123 manifestum
2219 3108 2235 3131 ‚
2274 3073 2316 3123 si
2354 3073 2517 3123 consi·

365 3148 605 3196 derentur
642 3148 885 3198 athletae:
928 3150 970 3198 si
1010 3149 1368 3201 consideretur
1404 3157 1457 3201 et
1493 3149 1731 3200 bravium
1785 3150 1894 3201 sive
1930 3157 2100 3212 meta,
2135 3151 2368 3202 bravium
2409 3152 2516 3202 sive

366 3232 502 3276 meta
541 3226 665 3287 fuit,
705 3229 941 3279 omnibus
977 3246 1215 3294 praeesse
1255 3227 1599 3289 mortalibus3
1636 3231 1734 3280 hoc
1773 3231 1910 3281 enim
1962 3232 2239 3297 imperium
2278 3232 2515 3282 dicimus,

368 3305 465 3356 Sed
503 3306 602 3356 hoc
640 3307 769 3356 nulli
805 3309 1035 3375 contigit,
1058 3309 1155 3360 nisi
1190 3317 1417 3363 Romano
1454 3310 1674 3376 populo:
1713 3308 1799 3361 hic
1833 3326 1933 3360 non
1972 3311 2125 3362 modo
2152 3311 2363 3378 primus,
2391 3311 2514 3379 quin
