2696 4230
393 226 489 274 10ss
996 238 1064 273 m:
1100 228 1415 277 MoNAncfflA
1451 228 1556 274 Lm.
1593 229 1685 285 111,
1723 226 1772 276 C.
1801 229 1905 275 XII.

1290 485 1487 533 CAPUT
1525 488 1635 533 XII.

459 717 642 768 Positis
681 719 732 766 et
771 715 996 767 exclusis
1035 717 1299 768 erroribus
1327 755 1341 778 ‚
1380 707 1565 785 quihus
1605 720 1871 785 potissime
1923 718 2243 780 innituntur,
2292 721 2378 785 qui
2432 726 2526 771 Ro-

391 797 524 845 mani
557 796 871 862 Principatus
907 798 1251 848 auctoritatem
1292 799 1581 863 dependere
1620 800 1794 850 dicunt
1831 817 1859 850 a
1897 806 2123 850 Romano
2149 798 2427 858 Pontifice;
2455 816 2532 849 re-

390 878 646 927 deundum
688 883 763 927 est
800 877 861 926 ad
900 878 1268 927 ostendendum
1305 878 1578 930 veritatem
1618 878 1771 947 hujus
1808 880 1988 929 tertiae
2018 880 2369 945 quaestioniS,
2401 895 2530 944 quae

392 973 421 1005 a
460 958 708 1023 principio
749 957 1065 1007 discutienda
1094 959 1499 1022 proponebatur:
1535 975 1664 1024 quae
1694 960 1901 1024 quidem
1927 961 2114 1011 veritas
2138 961 2407 1026 apparebit
2434 959 2533 1010 suf-

393 1036 664 1097 ficienter,
703 1038 742 1087 si
779 1037 872 1088 sub
910 1037 1141 1103 praefixo
1179 1039 1427 1104 principio
1463 1039 1766 1104 inquirendo
1795 1075 1809 1097 ,
1847 1038 2136 1104 praefatam
2177 1041 2534 1090 auctoritatem

387 1116 683 1168 immediate
722 1117 1010 1182 dependere
1048 1133 1075 1167 a
1113 1118 1336 1167 culmine
1373 1117 1531 1168 totius
1556 1118 1687 1169 entis
1724 1118 2024 1177 ostendero,
2068 1119 2152 1184 qui
2191 1125 2325 1168 Deus
2353 1126 2445 1168 est.
2472 1124 2533 1168 Et

390 1198 492 1248 hoc
529 1198 626 1248 erit
662 1205 947 1257 ostensum,
986 1197 1066 1247 vel
1102 1198 1144 1247 si
1181 1197 1455 1248 auctoritas
1492 1197 1756 1247 Ecclesiae
1795 1203 2121 1248 removeatur
2159 1199 2222 1248 ab
2252 1199 2375 1256 illa3
2416 1202 2535 1248 cum

392 1278 455 1327 de
491 1277 590 1329 alia
626 1294 724 1333 non
762 1279 826 1328 sit
861 1277 1161 1337 altercati03
1204 1277 1283 1328 vel
1324 1278 1361 1326 si
1402 1277 1655 1328 ostensive
1696 1277 1981 1342 probetur,
2020 1295 2047 1328 a
2079 1284 2181 1328 Deo
2237 1278 2535 1328 immediate

391 1358 705 1423 dependere.
741 1358 885 1418 Quod
930 1364 1099 1408 autem
1137 1358 1414 1408 auctoritas
1453 1356 1720 1409 Ecclesiae
1759 1374 1859 1407 non
1904 1362 1965 1408 sit
2016 1374 2193 1408 caussa
2243 1358 2539 1423 Imperialis

392 1439 743 1498 auctoritatiS,
783 1439 1028 1504 probatur
1067 1439 1178 1489 sic:
1214 1439 1368 1499 Illud,
1409 1454 1510 1502 quo
1548 1454 1646 1489 non
1685 1437 1979 1497 existente,
2028 1446 2113 1489 aut
2157 1457 2259 1505 quo
2296 1456 2394 1490 non
2439 1439 2537 1489 vir·

392 1526 563 1570 tuante
586 1557 600 1578 ‚
637 1520 843 1570 aliunde
879 1518 1036 1570 habet
1071 1526 1232 1569 totam
1271 1535 1412 1568 suam
1451 1518 1717 1576 virtutem,
1758 1534 1857 1567 non
1899 1526 1975 1571 est
2003 1535 2180 1568 caussa
2207 1519 2349 1568 illius
2385 1519 2539 1568 virtu-

392 1602 498 1658 tis3
549 1601 637 1650 sed
672 1601 903 1651 Ecclesia
941 1617 1036 1650 non
1076 1601 1327 1652 existente
1354 1635 1368 1658 ,
1408 1603 1494 1648 aut
1538 1614 1638 1648 non
1688 1598 1976 1656 *virtuante‚
2028 1584 2305 1664 Imperium
2352 1599 2537 1649 habuit

397 1688 558 1732 totam
599 1696 741 1729 suam
783 1680 1059 1730 virtutem:
1099 1697 1220 1744 ergo
1264 1679 1494 1729 Ecclesia
1535 1693 1633 1728 non
1663 1685 1741 1728 est
1784 1694 1959 1729 caussa
1997 1678 2195 1730 virtutis
2230 1679 2462 1744 Imperii,
2489 1684 2541 1730 et

404 1774 496 1823 per
534 1775 854 1823 consequens
888 1775 981 1808 nec
1020 1759 1336 1808 auctoritatis
1358 1794 1371 1816 ,
1411 1763 1524 1807 cum
1559 1757 1697 1806 idem
1728 1757 1887 1807 virtus
1935 1758 1999 1809 sit
2027 1765 2078 1808 et
2109 1759 2387 1809 auctoritas
2414 1761 2539 1826 ejus.

397 1842 466 1889 Sit
502 1839 732 1888 Ecclesia
770 1835 831 1895 Ᾰ,
871 1839 1153 1903 Imperium
1192 1845 1248 1897 B,
1287 1838 1558 1888 auctoritas
1597 1837 1705 1886 sive
1731 1837 1892 1885 virtus
1916 1837 2121 1900 Imperii
2152 1840 2206 1886 C.
2235 1838 2283 1888 Si
2313 1854 2410 1886 non
2433 1839 2543 1888 exi-

397 1927 563 1969 stente
600 1924 661 1979 A,
699 1923 732 1969 C
773 1924 848 1968 cst
883 1918 933 1967 in
971 1923 1027 1976 B,
1066 1918 1390 1981 impossibile
1430 1923 1506 1967 est
1543 1922 1585 1966 A
1623 1932 1735 1966 esse
1773 1931 2002 1965 caussam
2043 1916 2170 1982 ejuS,
2216 1918 2350 1980 quod
2376 1924 2470 1975 est,
2507 1924 2540 1971 C

399 2017 512 2050 csse
552 2001 602 2049 in
639 2007 717 2059 B,
755 2004 868 2049 cum
908 1998 1229 2065 impossibile
1267 1999 1365 2058 sit,
1405 1999 1644 2048 effectum
1687 1997 2003 2062 praecedere
2055 2013 2260 2046 causam
2309 1998 2359 2046 in
2416 2015 2541 2048 esse.

394 2079 599 2138 Adnue,
640 2079 678 2128 si
719 2078 842 2127 nihil
884 2084 1125 2143 operante
1162 2082 1221 2134 A,
1260 2082 1292 2127 C
1334 2084 1412 2127 est
1447 2077 1499 2126 in
1534 2083 1591 2135 B,
1629 2092 1842 2126 necesse
1883 2081 1978 2133 est,
2008 2080 2169 2125 Anon
2196 2092 2310 2126 esse
2337 2094 2542 2128 causam

396 2161 505 2227 ejus
547 2160 681 2226 quod
722 2166 831 2217 est,
868 2163 901 2208 C
941 2174 1051 2207 esse
1086 2158 1136 2206 in
1174 2162 1246 2215 Β,
1286 2161 1397 2206 cum
1434 2172 1646 2207 necesse
1686 2155 1748 2206 sit
1786 2155 1847 2206 ad
1887 2157 2279 2222 productionem
2322 2151 2541 2208 effectus

396 2239 729 2305 praeoperari
769 2254 1000 2288 caussam
1031 2273 1046 2296 ,
1085 2238 1388 2302 praesertim
1434 2236 1761 2292 efficientem,
1812 2235 1873 2284 de
1915 2241 2012 2300 qua
2049 2235 2334 2285 intenditur.
2383 2238 2546 2304 Major

394 2321 677 2385 propositio
705 2320 855 2386 hujus
883 2318 1327 2369 demonstrationis
1366 2316 1625 2366 declarata
1655 2322 1729 2366 est
1753 2317 1804 2365 in
1827 2318 2060 2367 terminis
2085 2338 2099 2377 ς
2130 2318 2377 2367 minorem
2404 2318 2550 2368 Chri-

396 2407 502 2449 stus
542 2406 592 2450 et
629 2398 865 2449 Ecclesia
905 2398 1199 2447 confirmat.
1239 2396 1473 2446 Christus
1513 2396 1766 2446 nascendo
1805 2401 1856 2445 et
1894 2398 2183 2454 moriendo,
2222 2405 2276 2447 ut
2310 2398 2547 2461 superius

397 2480 589 2528 dictum
631 2485 739 2536 θεῖ,
777 2477 1043 2534 Ecclesia,
1082 2480 1193 2525 cum
1232 2475 1417 2525 Paulus
1452 2475 1502 2522 in
1539 2475 1752 2523 Actibus
1788 2475 2144 2537 Apostolorum
2184 2475 2316 2524 dicat
2353 2476 2416 2524 ad
2456 2481 2551 2525 Fe-

397 2565 562 2608 stum:
601 2558 673 2606 Aa
710 2560 925 2605 tribunal
963 2560 1185 2606 Caesaris
1222 2562 1315 2612 sto,
1351 2558 1438 2603 ubi
1474 2570 1545 2602 me
1586 2560 1776 2615 oportet
1806 2557 2050 2615 judicari.
2095 2558 2215 2605 Cum
2256 2555 2406 2604 etiam
2451 2561 2550 2605 An-

399 2635 546 2702 gelus
583 2636 671 2685 Dei
711 2636 864 2684 Paulo
904 2635 1091 2684 dixerit
1125 2650 1300 2698 parum
1340 2640 1451 2698 post
1480 2653 1491 2681 z
1531 2628 1599 2681 Ne
1637 2636 1828 2688 timeas,
1855 2635 2028 2692 Paule,
2060 2635 2260 2682 Caesare:
2288 2641 2330 2681 te
2357 2643 2552 2695 oportet

397 2723 643 2768 assistere.
681 2722 741 2767 Et
776 2716 906 2765 infra
941 2716 1129 2766 iterum
1166 2717 1349 2766 Paulus
1387 2715 1449 2763 ad
1489 2713 1712 2764 Judaeos
1748 2715 2028 2764 existentes
2056 2714 2312 2780 inltalia:
2348 2719 2553 2765 Contra-

399 2803 670 2849 dicenlibus
706 2806 869 2847 autem
904 2802 1126 2857 Judaez'S,
1162 2806 1365 2848 coactus
1401 2813 1509 2847 sum
1546 2801 1793 2857 appellare
1834 2801 2102 2855 Caesarem,
2140 2813 2238 2845 non
2274 2802 2416 2859 quasi
2441 2812 2552 2856 qen-

399 2887 492 2927 iem
521 2895 677 2927 ineam
712 2880 895 2927 habens
934 2882 1126 2941 aliquid
1162 2894 1413 2933 accusare,
1435 2883 1517 2926 secl
1542 2884 1596 2924 ut
1636 2891 1853 2927 eruerem
1878 2879 2099 2925 animam
2127 2890 2286 2924 meam
2310 2880 2363 2923 de
2383 2881 2551 2923 morte.

400 2957 545 3016 Quod
584 2958 624 3007 si
661 2962 845 3008 Caesar
880 2958 982 3024 jam
1027 2965 1143 3008 tunc
1177 2956 1435 3023 judicandi
1473 2955 1779 3020 temporalia
1820 2971 1918 3004 non
1965 2953 2236 3004 habuisset
2284 2953 2555 3004 auctorita·

401 3045 525 3098 tem,
563 3054 656 3088 nec
694 3038 924 3089 Christus
961 3037 1056 3087 hoc
1096 3036 1492 3100 persuassisset3
1532 3052 1625 3085 nec
1664 3036 1892 3102 Angelus
1930 3035 2021 3084 illa
2061 3037 2215 3085 verba
2242 3034 2551 3092 nunciasset,

398 3134 492 3166 nec
530 3117 619 3166 ille
658 3119 742 3182 qui
781 3118 1016 3175 dicebat,
1060 3118 1207 3176 Cupio
1245 3119 1452 3165 dissolvi
1488 3123 1533 3165 et
1571 3132 1669 3165 esse
1709 3133 1817 3165 cum
1854 3119 2075 3172 θὴνὶεῑο,
2116 3116 2553 3178 incompetentem

396 3197 624 3263 judicem
663 3198 988 3263 appellasset.
1027 3196 1073 3247 Si
1110 3196 1267 3246 etiam
1306 3197 1661 3246 Constantinus
1698 3194 2058 3245 auctoritatem
2096 3209 2194 3243 non
2221 3193 2484 3243 habuisset
2509 3192 2559 3240 in

405 3276 743 3340 patrocinium
784 3276 1071 3335 Ecclesiae,
1110 3275 1200 3324 illa
1238 3290 1369 3340 quae
1408 3275 1471 3324 de
1509 3273 1730 3338 Imperio
1768 3274 2032 3338 deputavit
2071 3274 2137 3332 ei,
2168 3273 2374 3339 dejure
2400 3272 2556 3337 depu-

404 3362 513 3405 tare
552 3371 649 3406 non
685 3356 962 3421 potuisset,
1003 3362 1053 3405 et
1093 3354 1166 3404 sic
1206 3352 1435 3404 Ecclesia
1464 3390 1478 3414 ,
1516 3352 1602 3404 illa
1637 3353 1910 3404 collatione
1940 3357 2172 3404 uteretur
2199 3351 2413 3419 injuste3
2441 3353 2571 3406 cum-
