2696 4230
339 207 406 255 M
998 219 1068 253 DE
1104 207 1419 254 Momncnm
1456 208 1560 253 Lm.
1598 207 1667 262 ΙΙ,
1706 204 1758 253 C.
1798 199 1881 252 IV.

333 302 481 370 jugio
535 304 859 355 nobilitatum
906 303 1065 352 fuisse
1102 300 1326 366 reperio.
1364 301 1533 353 Prima
1565 318 1789 369 namque
1827 303 2053 372 conjunx
2092 304 2309 365 Creusa,
2339 308 2482 358 Pria-

340 383 408 431 mi
446 382 581 450 regis
615 382 754 441 filia,
793 382 854 431 de
892 384 1010 431 Asia
1045 378 1175 438 fuit3
1212 385 1269 431 ut
1305 380 1542 446 superius
1580 381 1760 431 haberi
1798 385 1966 446 potest
2002 397 2096 447 per
2136 398 2196 432 ea
2234 400 2363 448 quae
2409 386 2485 435 di·

340 466 417 509 cta
457 467 586 511 sunt.
623 466 683 509 Et
720 458 857 522 quod
892 456 1048 508 fuerit
1084 457 1337 524 conjunx,
1372 458 1725 509 testimonium
1768 459 2011 524 perhibet
2047 467 2219 511 noster
2258 467 2408 512 Poeta
2431 463 2484 513 in

337 539 528 597 tertiO,
567 537 654 588 uhi
701 535 1061 587 Andromache
1109 535 1173 586 de
1226 534 1444 586 Ascanio
1496 535 1604 587 filio
1650 540 1889 587 AEneam
1951 538 2231 604 genitorem
2267 538 2486 591 interro-

340 624 427 683 gat
463 617 569 667 sict
1410 675 1418 686 ,

615 695 746 753 Quid
780 711 904 757 puer
936 694 1212 745 Ascanius?
1246 702 1545 755 superatne,
1584 703 1632 745 et
1665 699 1880 746 vescitur
1912 701 2074 760 aurci,

625 774 774 829 Quem
811 777 901 822 tibi
923 777 1033 835 jam
1064 776 1298 835 perperit,
1335 776 1481 836 Trojct
1517 777 1758 836 fumante,
1795 776 2023 828 Creusa?

338 851 597 911 Secunda,
635 852 765 903 Dido
802 851 936 912 suit,
973 852 1153 918 regina
1188 859 1241 904 et
1277 859 1441 904 mater
1476 853 1948 921 Carthaginensium
1970 856 2024 907 in
2047 855 2246 916 Africa,
2272 859 2324 907 et
2346 857 2486 922 quod

337 932 495 983 suerit
531 931 785 1001 conjunx,
819 933 960 984 idem
998 937 1172 984 noster
1225 933 1528 987 vaticinatur
1562 933 1618 984 in
1668 941 1886 1002 quart03
1925 936 2091 1003 inquit
2127 938 2264 988 enim
2306 937 2372 989 de
2410 936 2495 986 Di-

350 1011 517 1062 done:

618 1094 719 1142 Nec
750 1095 857 1154 jam
892 1092 1137 1153 furtivum
1172 1093 1297 1141 Dido
1334 1095 1600 1141 meditatur
1635 1107 1848 1142 amorem
1876 1127 1892 1152 ,

622 1174 917 1236 Coujuqium
952 1178 1129 1231 vocat3
1156 1173 1246 1220 hoe
1274 1176 1525 1233 praetexit
1569 1176 1764 1223 nomine
1801 1177 2013 1235 culpam.

336 1251 546 1310 Tertia,
581 1251 787 1303 Lavinia
821 1249 955 1310 fuit,
1007 1250 1327 1301 Albanorum
1365 1256 1814 1318 Romanorumque
1875 1259 2074 1312 mater,
2132 1253 2270 1321 regis
2326 1250 2492 1303 Latini

336 1329 445 1381 filia
496 1330 686 1396 pariter
722 1336 775 1381 et
822 1329 1045 1388 haeres3
1083 1329 1128 1380 si
1175 1344 1355 1381 verum
1396 1336 1473 1380 est
1508 1330 1860 1382 testimonium
1908 1331 2066 1380 nostri
2103 1337 2290 1382 Poetae
2328 1331 2377 1379 in
2415 1330 2491 1381 ul-

335 1410 463 1461 timo
490 1446 505 1470 ,
559 1410 650 1461 ubi
703 1413 927 1461 Turnum
963 1409 1157 1461 victum
1194 1408 1503 1470 introducit,
1541 1416 1769 1461 orantem
1808 1410 2110 1478 suppliciter
2146 1411 2209 1462 ad
2250 1416 2488 1463 AEneam

338 1506 442 1542 sic:

797 1606 809 1618 .
885 1570 1090 1630 Vicistig,
1129 1576 1174 1618 et
1208 1572 1394 1620 vietum
1433 1573 1630 1620 tendere
1658 1575 1856 1632 palmas

616 1651 824 1700 Ausonii
856 1653 1055 1701 videre:
1094 1656 1182 1699 tua
1217 1656 1288 1699 est
1322 1653 1542 1699 Lavinia
1578 1655 1817 1713 conjunoe.

340 1732 479 1788 Quae
513 1728 694 1779 ultima
729 1744 862 1778 uxor
898 1728 968 1778 de.
997 1728 1141 1780 ltalia
1177 1727 1310 1787 fuit,
1348 1733 1586 1794 Europae
1623 1730 1834 1794 regione
1871 1728 2208 1802 nobilissimar
2233 1727 2300 1778 Iis
2322 1727 2493 1793 itaque

341 1809 407 1859 ad
443 1808 755 1859 evidentiam
794 1808 1191 1873 subassumptae
1229 1809 1581 1874 praenotatiS,
1619 1810 1701 1859 cui
1744 1825 1842 1860 non
1881 1810 2002 1859 satis
2042 1825 2343 1873 persuasum
2381 1814 2495 1870 est,

340 1889 554 1940 Romani
578 1889 756 1956 populi
781 1895 981 1954 patrem
999 1925 1014 1949 ,
1048 1896 1100 1941 et
1135 1904 1232 1955 per
1267 1904 1590 1954 consequens
1615 1890 1780 1954 ipsum
1807 1889 2053 1956 populum
2073 1927 2088 1950 ,
2113 1889 2493 1941 nobilissimum

341 1970 501 2022 fuisse
538 1970 634 2021 suh
673 1970 865 2023 coelo?
898 1976 1001 2022 Aut
1038 1985 1192 2037 quem
1240 1969 1293 2020 in
1329 1967 1422 2021 1110
1459 1969 1649 2035 duplici
1686 1986 1938 2021 concursu
1974 1969 2231 2038 sanguinis
2265 1987 2295 2023 a
2332 1969 2493 2039 quali-

341 2050 434 2103 bet
471 2049 644 2102 mundi
668 2039 811 2117 parte
847 2051 900 2101 in
935 2066 1094 2102 unum
1129 2049 1334 2110 virum,
1369 2049 1766 2118 praedestinatio
1802 2049 1974 2102 divina
2010 2050 2233 2102 latebit?

1260 2212 1459 2263 CAPUT
1497 2212 1576 2260 lV.

411 2373 548 2425 Illud
583 2389 828 2440 quoque,
866 2372 1002 2439 quod
1037 2371 1101 2423 ad
1157 2371 1234 2422 sui
1280 2367 1653 2436 perfectionem
1707 2368 2074 2421 miraculorum
2124 2368 2363 2436 suffragio
2411 2369 2494 2436 ju-

343 2457 512 2512 vatur,
549 2460 628 2507 est
664 2470 694 2504 a
729 2459 834 2504 Deo
870 2451 1117 2511 volitum3
1157 2456 1208 2501 et
1241 2466 1334 2515 per
1371 2463 1727 2515 consequenS,
1753 2449 1816 2499 de
1849 2449 1966 2515 jure
2001 2448 2076 2499 fit.
2114 2453 2177 2499 Et
2212 2449 2350 2514 quod
2397 2449 2496 2500 ista

347 2533 448 2584 sint
481 2549 624 2594 vera,
659 2539 829 2601 patet3
869 2533 1008 2599 quia,
1044 2532 1176 2582 sicut
1211 2530 1335 2582 dicit
1371 2529 1595 2580 Thomas
1628 2529 1680 2578 in
1718 2528 1872 2581 tertio
1910 2545 2002 2579 suo
2038 2533 2212 2578 contra
2240 2529 2494 2579 Gentiles:

345 2616 650 2664 Miraculum
685 2621 793 2670 est,
831 2615 959 2672 quod
992 2618 1192 2674 praeter
1226 2613 1445 2659 ordinem
1488 2613 1543 2658 in
1579 2613 1719 2658 rebus
1744 2612 2067 2659 communiter
2094 2612 2399 2668 institutum,
2423 2612 2498 2658 di-

345 2697 539 2743 vinitus
576 2698 647 2757 fit.
683 2691 825 2743 Unde
861 2690 973 2756 ipse
1009 2689 1230 2757 probat,
1283 2686 1379 2738 soli
1431 2694 1537 2739 Deo
1575 2692 1905 2752 competere,
1956 2686 2204 2736 miracula
2250 2687 2492 2752 operari:

350 2771 489 2837 quod
523 2770 826 2821 auctoritate
865 2769 1058 2837 Moysis
1096 2767 1408 2824 roboratur,
1457 2765 1547 2815 ubi
1588 2768 1702 2814 cum
1748 2771 1956 2816 ventum
1997 2771 2076 2816 est
2113 2765 2175 2815 ad
2213 2765 2456 2833 cyniphes
2480 2800 2494 2824 ,

346 2851 483 2919 magi
520 2851 797 2903 Pharaonis
834 2849 1153 2901 naturalibus
1177 2847 1441 2915 principiis
1477 2845 1760 2898 artificiose
1798 2850 1999 2896 utentes
2022 2881 2038 2904 ,
2077 2850 2128 2895 et
2159 2845 2234 2894 ihi
2261 2844 2498 2895 deficien-

349 2938 461 2992 teS,
499 2932 768 2983 dixerunt:
807 2930 1006 2998 Digitus
1056 2930 1147 2981 Dei
1204 2936 1284 2981 est
1322 2929 1422 2978 hic.
1463 2926 1512 2978 Si
1567 2944 1691 2994 ergo
1742 2926 2050 2978 miraculum
2089 2932 2166 2977 est
2202 2926 2498 2978 immediata

350 3010 581 3077 operatio
607 3011 795 3077 primi,
820 3010 1019 3075 absque
1057 3008 1422 3075 cooperatione
1460 3008 1806 3059 secundorum
1846 3005 2129 3074 agentium,
2154 3012 2211 3059 ut
2231 3006 2343 3072 ipse
2369 3005 2500 3056 Tho·

348 3108 460 3143 mas
497 3092 549 3141 in
586 3091 930 3159 praeallegato
967 3090 1103 3141 libro
1154 3089 1341 3155 probat
1377 3088 1723 3147 sufficienter,
1763 3092 1877 3138 cum
1933 3088 1982 3137 in
2020 3085 2249 3137 favorem
2288 3086 2503 3154 alicujus

349 3171 676 3237 protenditur
712 3170 804 3237 a),
842 3169 987 3220 nefas
1023 3176 1099 3220 est
1136 3169 1310 3219 dicere
1332 3203 1348 3226 ,
1383 3168 1510 3217 illud
1550 3166 1632 3218 cui
1669 3168 1741 3217 sic
1781 3165 1984 3218 favetur
2004 3202 2034 3226 ,.
2056 3182 2156 3218 non
2185 3182 2298 3216 esse
2325 3182 2351 3217 a
2374 3172 2500 3223 Deo,

348 3257 591 3317 tanquam
631 3250 1010 3316 beneplacitum
1049 3249 1148 3301 sibi
1192 3248 1470 3314 provisum.
1508 3252 1678 3306 Quare
1716 3264 1868 3298 suum
1908 3245 2358 3299 contradictorium
2387 3262 2502 3297 con-

351 3329 539 3380 cedere
576 3328 741 3378 visum
783 3334 896 3378 est:
930 3335 1215 3379 Romanum
1256 3328 1532 3393 Imperium
1575 3327 1638 3376 ad
1678 3326 1755 3376 sui
1788 3323 2198 3392 perfectionem,
2235 3324 2502 3376 miraculo-

350 3423 464 3458 rum
502 3405 742 3473 suffragio
779 3411 857 3456 est
894 3406 1162 3472 adjutum3
1200 3422 1322 3472 ergo
1359 3420 1388 3455 a
1424 3410 1530 3455 Deo
1565 3405 1810 3466 volitum,
1851 3412 1903 3457 et
1938 3421 2032 3473 per
2058 3418 2409 3474 consequenS,
2434 3403 2498 3454 de

412 3645 459 3700 a)
490 3645 561 3689 Sic
591 3643 698 3690 cum
729 3644 777 3689 C.
797 3645 908 3690 Ven.
927 3642 1028 3689 Non
1051 3641 1176 3689 recte
1205 3643 1252 3686 in
1278 3642 1395 3696 vulg.
1418 3643 1713 3699 portenditur.
