2696 4230
359 236 426 284 28
983 249 1053 283 DE
1089 236 1400 283 Momncnm
1436 234 1542 279 Lm.
1578 234 1620 289 Ι,
1658 231 1710 280 C.
1749 232 1880 279 XVI.

357 339 512 387 talem
553 337 968 402 dispositionem:
1013 335 1145 383 unde
1182 333 1387 382 facilius
1426 339 1474 383 et
1509 333 1785 399 perfectius
1817 332 2025 383 veniunt
2051 331 2113 382 ad
2139 333 2366 384 habitum
2394 337 2505 401 phi-

359 417 660 483 losophicae
697 418 957 473 veritatis,
996 416 1081 481 qui
1123 414 1254 463 nihil
1292 430 1516 478 unquam
1552 415 1883 472 audiverunt‚
1910 418 2061 479 quam
2089 414 2173 477 qui
2201 414 2507 466 audiverunt

358 512 451 560 per
487 504 749 560 tempora,
788 501 836 543 et
873 493 1016 542 falsis
1055 493 1377 557 opinionibus
1414 493 1599 542 imbuti
1637 499 1765 542 sunt.
1818 499 2035 557 Propter
2073 493 2209 558 quod
2248 491 2376 541 bene
2415 498 2506 543 Ga-

321 561 504 625 'lenus
542 576 736 639 inquit:
782 580 921 623 Tales
965 577 1149 634 duplici
1186 581 1396 633 tempore
1448 578 1668 634 indigere
1722 578 1784 621 ad
1834 579 2092 623 scientiam
2142 577 2509 634 acquirendam.

361 660 483 704 Cum
524 674 645 721 ergo
685 655 966 705 Monarcha
1006 653 1196 703 nullam
1252 653 1540 717 cupiditatis
1581 654 1904 703 occasionem
1953 654 2148 703 habere
2188 653 2346 717 possit
2373 688 2388 710 .,
2426 651 2510 700 vel

362 733 536 781 saltem
578 735 835 782 minimam
876 733 1009 785 inter
1048 731 1323 790 mortales,
1361 738 1413 781 ut
1454 733 1691 795 superius
1732 738 1806 782 est
1846 739 2141 792 ostensum3
2180 732 2313 797 quod
2342 737 2512 779 caete·

359 812 430 860 ris
469 812 782 876 principibus
819 831 917 863 non
955 813 1236 878 contingit:
1279 821 1330 864 et
1367 812 1621 876 cupiditas
1661 814 1773 877 ipsa
1812 813 1920 863 sola
1959 814 2023 866 sit
2061 813 2354 876 corruptiva
2381 809 2515 877 judi-

359 890 452 949 cii,
492 896 543 938 et
574 892 798 957 justitiae
837 892 1222 955 praepeditiva3
1263 908 1580 957 consequens
1618 899 1735 950 θεῖ,
1776 893 1912 958 quod
1939 893 2044 958 ipse
2075 893 2152 941 vel
2181 890 2409 948 omuino,
2431 888 2515 939 vel

359 971 582 1018 maxime
625 970 755 1018 bene
794 970 1068 1034 dispositus
1106 971 1168 1020 ad
1208 971 1489 1036 regendum
1547 987 1661 1021 esse
1699 978 1902 1036 potest,
1959 972 2077 1036 quia
2114 971 2244 1020 inter
2282 974 2515 1017 caeteros

353 1049 602 1115 judicium
645 1057 693 1099 et
721 1051 969 1117 justitiam
1009 1051 1277 1116 potissime
1318 1051 1516 1099 habere
1546 1058 1727 1115 potest.
1769 1057 1910 1111 Quae
1950 1053 2050 1101 duo
2090 1048 2516 1114 principalissima

360 1129 639 1193 legislatori
669 1140 719 1182 et
753 1132 880 1196 legis
908 1131 1165 1182 executori
1205 1132 1543 1188 conveniunt,
1584 1137 1807 1182 testante
1848 1138 1988 1199 Rege
2030 1130 2123 1181 illo
2161 1129 2515 1186 sanctissim0‚

357 1213 467 1257 curn
506 1211 856 1260 convenientia
897 1211 1002 1277 regi
1031 1217 1081 1260 et
1105 1211 1210 1259 tilio
1249 1211 1388 1274 regis
1427 1208 1720 1273 postulabat
1757 1227 1783 1259 a
1823 1217 1952 1259 Deo:
1992 1214 2148 1268 Deus,
2185 1207 2517 1272 inquitffadi-

364 1294 492 1336 cium
530 1299 664 1339 tuum
708 1295 812 1353 φερε·
847 1298 937 1351 da,
976 1300 1020 1341 ct
1052 1295 1154 1353 filio
1191 1296 1321 1353 reyis
1353 1293 1623 1351 justitiam.
1661 1294 1794 1339 Bene
1834 1290 1984 1356 igitur
2023 1288 2211 1338 dictum
2252 1292 2360 1346 est,
2397 1291 2510 1336 cum

366 1368 552 1417 dicitur
588 1369 637 1417 in
677 1370 1066 1435 subaSfflimpta,
1104 1371 1240 1435 quod
1292 1368 1569 1421 Monarcha
1615 1371 1754 1419 solus
1793 1374 1870 1417 est
1906 1367 2029 1426 ille,
2068 1367 2154 1432 qui
2194 1372 2360 1430 potest
2397 1382 2511 1415 esse

363 1448 553 1511 optime
592 1448 868 1514 dispositus
905 1451 966 1498 ad
1007 1450 1302 1515 regendum.
1342 1454 1473 1513 Ergo
1511 1449 1783 1500 Monarcha
1812 1448 1949 1497 solus
1975 1448 2167 1511 optime
2192 1446 2322 1495 alios
2348 1446 2514 1509 dispo-

362 1543 486 1574 nere
539 1534 717 1591 potest.
769 1534 846 1578 Ex
883 1545 982 1594 quo
1021 1529 1285 1592 sequitur,
1325 1527 1459 1593 quod
1501 1526 1565 1576 ad
1607 1527 1848 1592 optimam
1900 1525 2073 1575 mundi
2124 1523 2512 1590 dispositionem

361 1607 656 1658 Monarchia
695 1608 764 1660 sit
800 1610 1106 1659 necessaria.

1258 1771 1458 1819 CAPUT
1492 1773 1615 1819 XVI.

500 1926 562 1973 Et
601 1922 734 1987 quod
776 1928 945 1989 potest
986 1924 1095 1974 fieri
1136 1941 1228 1989 per
1265 1939 1420 1974 unum
1444 1961 1459 1981 ‚
1496 1923 1682 1973 melius
1721 1927 1799 1973 est
1838 1918 1950 1969 fieri
2003 1932 2095 1983 per
2142 1932 2320 1974 unum,
2359 1923 2511 1983 quam

362 2017 456 2066 per
494 2001 656 2064 plura.
694 2003 836 2061 Quod
875 2003 947 2052 sic
987 2002 1311 2054 declaratur:
1349 2005 1422 2055 Sit
1459 2019 1649 2060 unum,
1688 2017 1780 2066 per
1819 1999 1957 2062 quod
1995 1996 2204 2062 aliquod
2255 1995 2367 2046 fieri
2426 1991 2515 2061 po-

360 2085 478 2137 test,
517 2087 589 2138 A3
629 2090 681 2132 et
717 2083 815 2133 sint
852 2082 996 2148 plura
1026 2119 1041 2140 ,
1081 2099 1173 2146 per
1211 2099 1342 2148 quae
1383 2082 1615 2133 similiter
1652 2081 1779 2132 illud
1817 2079 1928 2130 fieri
1969 2084 2170 2146 potest,
2209 2082 2252 2127 A
2289 2082 2338 2127 et
2379 2080 2433 2125 B.
2463 2075 2513 2126 Si

362 2175 488 2225 ergo
527 2159 659 2210 illud
696 2162 854 2217 idem,
893 2162 1031 2225 quod
1067 2160 1124 2212 fit
1159 2179 1248 2227 per
1283 2166 1324 2211 A
1362 2168 1412 2212 θῖ
1435 2167 1494 2220 Β,
1525 2168 1692 2227 potest
1728 2161 1843 2211 fieri
1883 2178 1973 2227 per
2008 2166 2050 2211 A
2078 2162 2292 2218 tantam,
2319 2155 2515 2206 frustra

361 2238 433 2286 ibi
475 2240 752 2289 assumitur
789 2245 862 2299 133
897 2241 1016 2306 quia
1056 2257 1120 2291 ex
1157 2241 1315 2306 ipsius
1351 2241 1704 2307 assumptione
1742 2242 1868 2291 nihil
1912 2242 2176 2307 sequitur,
2214 2243 2326 2289 cum
2371 2236 2515 2302 prius

361 2316 486 2366 illud
525 2318 662 2368 idem
704 2317 865 2369 fiebat
902 2335 995 2384 per
1031 2324 1074 2368 A
1114 2319 1297 2369 solum.
1335 2323 1398 2370 Et
1433 2336 1544 2370 cum
1584 2320 1745 2369 omnis
1782 2320 1898 2370 talis
1943 2319 2219 2384 assumptio
2247 2318 2315 2368 sit
2339 2316 2514 2366 ociosa

362 2395 470 2445 sive
508 2397 792 2461 superflua3
832 2403 882 2447 et
918 2414 1068 2448 omne
1106 2398 1414 2462 superfluum
1454 2404 1559 2448 Deo
1597 2404 1647 2461 et
1680 2403 1901 2449 Naturae
1940 2398 2239 2463 displiceat3
2280 2403 2331 2446 et
2362 2411 2514 2445 omne

364 2476 500 2541 quod
541 2482 646 2525 Deo
685 2483 734 2525 et
769 2482 990 2527 Naturae
1028 2477 1287 2542 displicet,
1315 2477 1377 2527 sit
1410 2477 1599 2527 malum
1622 2512 1637 2536 ,
1675 2483 1731 2527 ut
1769 2476 2094 2527 manifestum
2122 2481 2201 2526 θεῖ
2227 2475 2289 2525 de
2317 2491 2406 2532 se3
2434 2489 2513 2523 se-

365 2556 569 2619 quitur9
605 2571 704 2604 non
742 2555 900 2605 solum
942 2555 1126 2606 melius
1172 2572 1283 2606 esse
1319 2555 1433 2605 fieri
1471 2572 1563 2621 per
1600 2572 1756 2604 unum
1782 2595 1797 2617 ‚
1838 2556 1879 2605 si
1934 2553 2049 2606 fieri
2100 2558 2309 2619 potest,
2357 2556 2510 2615 quam

362 2634 477 2683 fieri
517 2651 609 2699 per
646 2634 835 2698 plura;
874 2636 962 2686 sed
1001 2635 1119 2685 fieri
1156 2653 1250 2701 per
1286 2652 1441 2684 unum
1482 2644 1559 2686 est
1596 2636 1818 2693 bonum,
1870 2651 1963 2700 per
2014 2634 2160 2699 plura
2210 2631 2514 2697 simpliciter

365 2717 579 2765 malum.
615 2722 883 2766 Praeterea
919 2715 976 2783 α)
1015 2716 1180 2781 prima
1206 2730 1287 2765 res
1315 2716 1500 2765 dicitur
1540 2730 1652 2765 esse
1692 2714 1898 2774 melior,
1922 2731 2012 2780 per
2036 2730 2148 2765 esse
2172 2711 2512 2778 propinquior

364 2796 620 2860 optimae3
662 2802 713 2845 et
747 2794 862 2846 finis
898 2796 1060 2847 habet
1097 2796 1342 2846 rationem
1381 2796 1613 2859 operati:
1654 2795 1742 2844 sed
1779 2794 1891 2846 fieri
1932 2809 2024 2860 per
2059 2809 2215 2843 unum
2262 2797 2340 2842 θεῖ
2393 2807 2512 2856 pro-

369 2875 607 2943 pinquius
642 2875 771 2935 fini3
810 2893 934 2942 ergo
971 2883 1049 2928 est
1089 2877 1291 2926 melius.
1327 2881 1390 2926 Et
1426 2876 1563 2941 quod
1602 2876 1667 2925 sit
1704 2875 2059 2941 propinquiuS‚
2106 2879 2248 2939 patet
2292 2872 2400 2922 sic:
2442 2872 2516 2921 Sit

368 2956 485 3008 finis
521 2962 576 3015 C,
612 2957 725 3007 fieri
765 2974 857 3022 per
892 2973 1048 3007 unum
1088 2961 1147 3015 A,
1189 2972 1282 3022 per
1321 2956 1467 3020 plura
1504 2962 1543 3006 A
1584 2963 1634 3006 θῖ
1672 2960 1727 3005 Β.
1762 2953 2082 3007 Manifestum
2118 2961 2216 3011 θεῖ,
2241 2952 2378 3019 quod
2409 2952 2515 3001 lon-

367 3039 481 3102 gior
519 3046 594 3089 est
630 3040 708 3089 via
745 3039 811 3087 ab
852 3042 891 3088 A
929 3054 1021 3102 per
1059 3042 1096 3087 B
1133 3039 1183 3087 in
1221 3040 1279 3094 C,
1318 3039 1470 3101 quam
1509 3036 1572 3085 ab
1611 3042 1652 3085 A
1687 3041 1882 3086 tantum
1917 3036 1967 3085 in
2002 3040 2053 3087 C.
2095 3036 2194 3085 Sed
2231 3035 2506 3083 humanum

369 3132 533 3182 genus
571 3124 733 3182 potest
770 3118 877 3182 regi
915 3133 1007 3181 per
1041 3133 1196 3166 unum
1236 3132 1532 3180 supremum
1572 3115 1858 3180 principem
1888 3150 1904 3173 ,
1953 3115 2038 3180 qui
2080 3120 2156 3164 est
2197 3111 2510 3165 Monarcha:

368 3202 575 3261 propter
614 3198 748 3261 quod
790 3196 1157 3246 advertendum
1199 3200 1319 3246 sane
1347 3232 1363 3255 ‚
1408 3196 1542 3259 quod
1591 3211 1706 3244 cum
1761 3194 1982 3255 dicitur,
2027 3195 2307 3245 humanum
2357 3207 2515 3258 genus

366 3281 537 3342 potest
571 3277 679 3342 regi
719 3294 811 3341 per
847 3293 1005 3327 unum
1047 3290 1342 3341 supremum
1382 3275 1665 3338 principem
1694 3309 1710 3332 ‚
1747 3291 1846 3324 non
1883 3275 1956 3325 sic
1993 3273 2382 3339 intelligendum
2420 3275 2515 3328 est,

366 3361 422 3406 ut
457 3354 670 3405 minima
723 3355 919 3422 judicia
979 3357 1350 3422 cujuscumque
1390 3352 1653 3418 municipii
1690 3355 1755 3404 ab
1792 3353 1882 3404 illo
1918 3369 2019 3403 uno
2057 3352 2354 3403 immediate
2401 3365 2512 3416 pro·

371 3435 486 3486 dire
524 3434 763 3501 possint3
802 3439 912 3484 cum
955 3441 1006 3483 et
1038 3435 1180 3501 leges
1215 3430 1552 3496 municipales
1590 3432 1898 3497 quandoque
1947 3429 2231 3490 deficiant,
2288 3435 2337 3481 et
2388 3442 2513 3493 opus

428 3684 474 3738 a)
506 3687 554 3726 In
587 3687 701 3737 vulg.
734 3686 874 3727 deest.
899 3686 1150 3737 praeterea,
1182 3691 1273 3725 uon
1306 3677 1415 3722 vero
1448 3680 1490 3720 in
1523 3678 1632 3722 Cod.
1666 3679 1787 3721 Ven.
