2696 4230
419 233 482 275 8⁰.)
1049 244 1115 276 nit
1153 232 1465 278 Momnenm
1504 233 1604 278 Liss.
1646 235 1729 288 111,
1767 237 1816 281 C.
1859 235 1938 279 lv.

1339 490 1542 537 CAPUT
1581 493 1661 537 lv.

492 726 575 774 Isti
615 728 738 773 vero
760 763 773 783 ,
813 725 874 774 ad
916 740 1043 787 quos
1077 724 1174 775 erit
1211 730 1310 773 tota
1340 706 1615 788 disputatio
1640 739 1880 788 sequeus,
1906 727 2186 772 asserentes
2213 719 2565 770 auctoritatem

425 804 629 868 imperii
668 805 735 853 ab
773 805 1071 855 auctoritate
1111 803 1377 854 Ecclesiae
1417 802 1743 866 dependere,
1785 801 1925 852 velut
1964 799 2159 851 artifex
2212 800 2428 849 inferior
2482 800 2569 848 de-

423 883 612 945 pendet
647 882 711 931 ab
751 883 1053 939 architecto,
1095 881 1330 946 pluribus
1368 887 1416 930 et
1453 880 1669 931 diversis
1719 881 2035 948 argumentis
2083 886 2390 938 movent-ur3
2437 894 2568 943 quae

423 962 632 1023 quidem
674 963 736 1012 de
773 968 915 1013 sacra
955 961 1215 1026 Scriptura
1250 961 1493 1026 eliciunt,
1534 970 1587 1012 et
1624 961 1687 1011 de
1725 961 2036 1026 quibusdam
2081 961 2236 1025 gestis
2262 967 2360 1007 tam
2388 958 2573 1007 summi

420 1040 702 1098 Pontificis‚
740 1059 893 1107 quam
933 1040 1094 1106 ipsius
1133 1041 1494 1105 Imperatoris,
1532 1038 1833 1089 nonnullum
1881 1043 2003 1089 vero
2063 1037 2269 1087 rationis
2323 1036 2569 1086 indicium

419 1120 620 1172 habere
659 1123 893 1172 nituntur.
933 1123 1113 1171 Dicunt
1150 1121 1286 1170 enirn
1324 1121 1488 1184 primo
1513 1158 1526 1176 ,
1577 1120 1853 1170 secundum
1908 1118 2214 1183 scripturam
2270 1123 2528 1167 Geneseos
2557 1151 2572 1173 ‚

419 1203 554 1265 quod
594 1208 728 1253 Deus
765 1202 887 1252 fecit
936 1203 1037 1252 duo
1077 1217 1255 1267 magna
1292 1201 1583 1258 luminaria,
1623 1201 1869 1251 luminare
1907 1201 2105 1267 majus,
2133 1204 2181 1247 et
2206 1197 2456 1247 luminare
2483 1196 2577 1244 mi-

418 1300 544 1343 nus,
582 1292 634 1333 ut
672 1285 888 1334 alterum
931 1289 1194 1348 praeesset
1235 1284 1372 1340 diei,
1413 1288 1462 1332 et
1499 1282 1718 1332 alterum
1756 1280 1906 1331 nocti.
1929 1286 2069 1340 Quae
2122 1278 2397 1344 allegorice
2442 1277 2573 1327 dicta

423 1378 534 1412 esse
570 1362 958 1428 intelligebant,
997 1365 1093 1411 ista
1134 1361 1234 1411 duo
1277 1360 1524 1426 regim-ina
1576 1359 1842 1425 spirituale
1902 1367 1955 1410 et
2009 1357 2308 1423 temporale.
2342 1356 2573 1413 Deinde,

422 1441 559 1504 quod
598 1441 1026 1506 quemadmodum
1067 1446 1203 1489 Luna
1230 1476 1244 1496 ,
1284 1456 1414 1503 quae
1453 1448 1530 1489 est
1569 1439 1818 1489 luminare
1856 1440 2042 1497 minuS,
2069 1455 2167 1488 non
2196 1436 2355 1485 habet
2383 1435 2575 1493 lucem,

422 1518 518 1568 nisi
560 1527 712 1583 prout
749 1519 933 1583 recipit
970 1535 996 1568 a
1036 1519 1170 1575 Sole,
1210 1519 1280 1568 sic
1321 1534 1414 1569 nec
1450 1535 1663 1585 regnum
1693 1518 1972 1584 temporale
2001 1517 2369 1568 auctoritatem
2401 1515 2576 1572 habet,

423 1599 518 1649 nisi
547 1607 706 1663 *prout
745 1599 927 1664 recipit
965 1617 989 1648 a
1029 1599 1275 1664 spirituali
1316 1599 1578 1664 regimine.
1617 1605 1829 1663 Propter
1865 1598 1992 1648 hanc
2021 1635 2035 1656 ‚
2079 1604 2127 1647 et
2181 1603 2393 1662 propter
2450 1594 2578 1643 alias

424 1694 604 1726 eorum
648 1677 872 1727 rationes
910 1676 1260 1727 dissolvendas
1287 1713 1301 1735 ,
1361 1679 1800 1741 praenotandum,
1854 1677 2026 1743 quod,
2077 1677 2206 1725 sicut
2258 1673 2577 1737 Philosopho

425 1756 596 1820 placet
634 1757 682 1806 in
720 1757 783 1806 iis
823 1766 952 1819 qu‘ae
988 1763 1044 1805 dc
1079 1758 1361 1817 sophisticis
1399 1758 1664 1815 Elem-his,
1704 1756 1889 1806 solutio
1929 1753 2215 1821 argumenti
2255 1759 2328 1803 est
2382 1752 2576 1803 erroris

430 1837 783 1886 manifestatio.
823 1841 883 1885 Et
920 1835 1039 1899 quia
1079 1852 1225 1884 error
1262 1841 1428 1901 potest
1465 1851 1580 1886 esse
1618 1837 1668 1884 in
1713 1836 1927 1887 materia
1953 1842 2002 1884 et
2028 1836 2077 1883 in
2108 1833 2273 1884 forma
2306 1848 2579 1898 argumen-

427 1914 464 1964 ti
497 1951 511 1972 ,
550 1914 824 1979 dupliciter
862 1922 1078 1978 peccare
1117 1913 1395 1978 contingit:
1434 1922 1520 1965 aut
1556 1915 1753 1965 scilicet
1793 1912 2103 1965 assumendo
2131 1911 2341 1970 falsum,
2369 1919 2580 1961 autnon

428 1993 793 2062 syllogizando.
831 1999 970 2053 Quae
1012 1993 1115 2043 duo
1150 1991 1490 2058 Philosophus
1538 1994 1824 2061 objiciebat
1874 1998 2051 2043 contra
2108 1990 2468 2042 parmenidem
2525 1996 2579 2040 et

425 2074 710 2131 Melissum,
751 2072 960 2124 dicens:
1004 2075 1097 2130 Qui
1131 2075 1264 2134 falsa
1301 2078 1564 2134 recipiunt,
1590 2080 1634 2122 et
1669 2088 1770 2121 non
1805 2074 2161 2133 sylloyizantes
2212 2076 2343 2118 sunt.
2396 2074 2458 2119 Et
2493 2083 2575 2119 ac-

428 2154 563 2220 cipio
605 2154 690 2204 hic
728 2152 868 2221 largo
907 2154 1058 2204 modo
1097 2152 1302 2211 falsum,
1340 2155 1494 2205 etiam
1537 2171 1625 2220 pro
1653 2151 1967 2217 inopinabili,
1995 2150 2130 2216 quod
2157 2149 2204 2198 in
2231 2148 2440 2200 materia
2463 2164 2578 2213 pro·

432 2235 592 2284 habili
630 2235 786 2286 habet
814 2241 1041 2284 naturam
1082 2234 1382 2302 syllogismi.
1423 2232 1472 2285 Si
1499 2239 1619 2285 vero
1643 2233 1879 2284 informa
1916 2233 1979 2282 sit
2002 2236 2286 2298 peccatum,
2312 2229 2579 2281 conclusio

430 2312 770 2363 interimenda
808 2318 884 2362 est
919 2312 984 2361 ab
1023 2311 1110 2361 illo
1149 2314 1232 2378 qui
1257 2314 1452 2364 solvere
1478 2313 1602 2368 vult,
1628 2311 1942 2363 ostendendo
1967 2311 2184 2362 formam
2210 2309 2578 2378 syllogisticam

434 2408 531 2441 nou
573 2407 687 2441 esse
726 2397 993 2441 servatam.
1035 2392 1082 2441 Si
1121 2395 1241 2440 vero
1280 2397 1541 2456 peccatum
1582 2391 1645 2442 sit
1685 2392 1732 2440 in
1771 2392 1979 2440 materia
2006 2426 2020 2447 ‚
2059 2397 2144 2438 aut
2180 2396 2253 2439 est
2306 2389 2425 2453 quia
2465 2389 2584 2438 sim-

434 2471 641 2536 pliciter
678 2470 865 2521 falsum
907 2479 1217 2536 assumptum
1257 2479 1355 2529 est,
1393 2478 1476 2522 aut
1512 2471 1630 2536 quia
1668 2469 1854 2522 falsum
1894 2470 2170 2523 secundum
2209 2468 2348 2534 quid.
2383 2469 2430 2518 Si
2457 2469 2581 2518 sim-

433 2551 650 2614 pliciter,
687 2568 778 2616 per
813 2550 1260 2615 interemptionem
1302 2553 1544 2617 assumpti
1583 2551 1881 2610 solvendum
1911 2556 2022 2607 est3
2063 2550 2103 2598 si
2129 2549 2406 2598 secundum
2439 2549 2581 2614 quid,

437 2647 528 2694 per
555 2630 947 2681 distinctionem.
987 2635 1100 2679 Hoc
1135 2630 1264 2687 viso,
1304 2631 1365 2681 ad
1408 2632 1675 2682 meliorem
1715 2630 1867 2697 hujus
1906 2636 1955 2679 et
2000 2629 2215 2678 aliarum
2242 2628 2453 2679 inferius
2478 2628 2585 2679 fac·

434 2717 597 2757 turum
638 2709 944 2759 solutionum
983 2708 1316 2765 evidentiam,
1341 2710 1730 2766 advertendum,
1758 2709 1891 2774 quod
1916 2708 2052 2758 circa
2077 2725 2282 2757 sensum
2308 2709 2579 2777 mysticum

435 2788 709 2852 dupliciter
745 2804 921 2838 errare
961 2788 1233 2854 contingit:
1273 2795 1355 2838 aut
1392 2790 1687 2854 quaerendo
1727 2787 1892 2852 ipsum
1934 2786 2018 2835 ubi
2058 2802 2154 2834 non
2194 2791 2288 2846 est,
2327 2791 2410 2835 aut
2448 2785 2580 2836 acci-

437 2867 622 2932 piendo
659 2866 810 2917 aliter
847 2871 999 2930 quam
1040 2866 1203 2932 accipi
1241 2867 1447 2918 debeat.
1488 2874 1694 2932 Propter
1731 2867 1952 2931 primum
1999 2865 2121 2914 dicit
2169 2865 2478 2932 Augustinus
2529 2869 2584 2913 in

436 2952 649 2997 civitate
687 2952 805 2996 Dei:
847 2948 957 2994 Non
993 2950 1108 2996 sanc
1146 2952 1311 2996 omnia
1347 2964 1471 3009 quae
1507 2956 1646 3009 qesta
1683 2954 1972 3003 narrantur,
2011 2949 2156 2996 etiam
2183 2949 2460 3009 significare
2485 2950 2584 2995 ali-

436 3031 554 3087 quid
587 3031 808 3088 putanda
840 3033 992 3084 sunt3
1029 3030 1112 3075 sed
1135 3033 1328 3088 propter
1363 3031 1454 3076 illa
1489 3043 1612 3088 quae
1650 3030 1841 3089 aliquid
1875 3029 2175 3088 siqnisicant,
2204 3030 2352 3075 etiam
2378 3040 2435 3075 ea
2462 3041 2583 3086 quae

438 3111 566 3156 nihil
599 3111 899 3170 significant,
936 3115 1241 3157 attexuntur.
1280 3108 1394 3157 Solo
1433 3123 1621 3156 comere
1657 3114 1787 3156 terra
1832 3109 2202 3167 proscinditur,-
2257 3111 2338 3155 sed
2394 3114 2450 3155 ut
2487 3107 2584 3155 ‘hoc

439 3190 549 3247 fieri
581 3190 759 3247 possit,
795 3189 946 3235 etiam
982 3192 1172 3234 caetera
1209 3191 1378 3235 aratri
1413 3191 1626 3236 membra
1661 3192 1774 3245 sunt
1811 3189 2106 3236 necessaria.
2146 3191 2355 3249 Propter
2405 3200 2584 3235 secun-

441 3265 583 3324 dum,
618 3266 755 3315 idem
797 3266 864 3316 ait
897 3266 947 3315 in
987 3265 1121 3315 libro
1159 3272 1215 3315 dc
1260 3269 1501 3316 Doctrina
1540 3268 1819 3315 Christiana
1845 3300 1861 3324 ,
1903 3264 2117 3330 loquens
2162 3264 2224 3314 de
2263 3263 2356 3314 illo
2395 3263 2584 3329 (aliud

442 3347 490 3395 in
527 3345 789 3410 scripturis
824 3346 1038 3404 sentire,
1079 3349 1230 3410 quam
1270 3346 1357 3395 ille
1384 3346 1469 3411 qui
1497 3346 1700 3411 scripsit
1739 3346 1885 3412 eas),
1925 3346 2066 3400 dicit,
2103 3344 2239 3409 quod
2278 3343 2343 3394 ita
2370 3340 2583 3400 fallitur,

443 3443 501 3476 ac
538 3426 578 3476 si
618 3427 888 3493 quisquam
930 3426 1171 3477 deserens
1210 3426 1366 3485 viam,
1407 3431 1467 3476 ed
1505 3434 1670 3477 tamen
1712 3444 1801 3492 per
1841 3444 2021 3495 gyrum
2063 3432 2319 3493 pergeret,
2357 3429 2457 3490 quo
2501 3424 2583 3475 via

441 3506 532 3558 illa
572 3507 823 3572 perducit.
863 3512 927 3556 Et
965 3508 1168 3557 subdit:
1207 3512 1656 3558 Demonstrandum
1694 3514 1762 3557 est
1789 3543 1804 3565 ,
1854 3514 1908 3557 ut
1953 3511 2301 3557 consuetudine
2349 3509 2582 3555 deviandi

447 3592 595 3635 etiam
631 3590 684 3634 in
721 3594 1048 3635 transversarii
1072 3594 1115 3633 el
1137 3600 1415 3645 perversum
1453 3591 1522 3635 ire
1545 3589 1652 3646 quis
1678 3594 1893 3646 cogatur.
1938 3585 2128 3635 Deinde
2155 3583 2311 3633 innuit
2335 3598 2584 3640 caussam,

449 3682 604 3731 quare
641 3664 923 3716 cavendum
944 3665 1003 3714 sit
1029 3664 1123 3715 huc
1151 3664 1196 3714 in
1218 3662 1497 3730 scripturis,
1537 3664 1739 3714 dicens:
1784 3666 2024 3713 Timaei!
2058 3667 2194 3725 fideii,
2227 3665 2271 3709 si
2301 3663 2583 3710 divinarum
