2696 4230
379 227 475 271 108
980 236 1048 270 ΒΕ
1086 226 1397 273 Mon-Ancum
1433 225 1541 270 Lm.
1577 227 1662 280 ΙΙΙ,
1701 223 1750 272 C.
1788 228 1927 272 XIII.

371 324 510 368 Deus
549 319 670 370 velit
707 318 993 369 oblationes
1034 334 1148 368 esse
1186 319 1554 381 immaculatas3
1587 324 1736 389 juxta
1773 320 1897 371 illud
1925 323 2153 373 Levitici:
2182 325 2354 375 Omnis
2383 333 2514 378 obla·

375 402 464 452 tio„
500 415 620 459 qaae
658 405 851 461 offertur
880 401 1111 457 Domino„
1149 404 1327 459 absque
1361 401 1594 460 fermento
1628 404 1720 463 fiet.
1747 401 1891 458 Quod
1917 400 2130 464 quidem
2162 410 2509 468 praeceptum,

372 476 491 526 licet
528 479 589 526 ad
628 479 903 525 offerentes
941 475 1123 526 faciem
1163 477 1360 526 habere
1398 478 1669 537 videatur3
1718 477 2054 528 nihilominus
2091 485 2168 528 est
2206 497 2296 544 per
2346 498 2517 532 conse-

374 571 536 618 quens
573 557 634 605 ad
673 556 990 620 recipientes,
1031 556 1248 608 Stultum
1288 558 1423 606 cnim
1467 564 1546 608 est
1595 559 1848 616 credere,
1898 563 2061 607 Deum
2116 558 2253 608 velle
2307 562 2511 625 recipi,

375 636 509 697 quod
552 635 790 698 prohibet
826 636 1065 685 exhiberi
1096 657 1110 695 3
1150 642 1262 686 cum
1304 638 1457 687 etiam
1495 638 1544 687 in
1582 638 1763 688 eodem
1799 637 2148 702 praecipiatur
2170 638 2390 688 Levitis:
2419 643 2517 689 No-

372 717 455 760 lile
491 717 826 761 contaminare
864 719 1058 763 animas
1097 727 1304 774 vestras,
1335 707 1665 778 nec‘tcmqatz‘s
1690 723 1950 777 quicquam
1984 733 2164 775 eoram,
2191 734 2248 768 ne
2273 722 2517 768 iinnmndi

372 795 499 837 sitis.
543 791 641 840 Sed
681 793 873 849 dicere,
915 795 1049 858 quod
1086 795 1318 846 Ecclesia
1357 796 1597 847 abutatur
1632 798 1937 862 patrimonio
1981 797 2078 848 sibi
2118 798 2401 861 deputate,
2442 802 2519 847 est

373 868 521 917 valde
560 870 956 922 inconveniens:
994 889 1113 939 ergo
1145 872 1330 924 falsum
1370 883 1482 928 erat
1516 875 1665 937 illud,
1704 892 1770 926 ex
1809 894 1909 943 quo
1947 877 2280 943 sequebatur.

1259 1197 1460 1246 CAPUT
1496 1201 1627 1246 XllI.

445 1429 696 1493 Amplius,
738 1432 778 1479 si
818 1435 1047 1484 Ecclesia
1084 1435 1323 1485 virtutem
1365 1435 1579 1486 liaberet
1616 1435 1971 1487 authorizandi
2013 1445 2299 1490 Romanum
2341 1433 2519 1501 princi-

375 1523 514 1571 pem,
557 1519 641 1559 aut
679 1511 893 1563 haberet
929 1530 957 1564 a
995 1520 1133 1573 Deo,
1173 1524 1259 1566 aut
1296 1532 1321 1564 a
1361 1532 1448 1574 se,
1488 1522 1572 1567 aut
1609 1519 1673 1566 ab
1712 1523 2038 1585 Imperatore
2083 1518 2286 1581 aliquo,
2330 1520 2415 1563 aut
2451 1513 2515 1561 ab

372 1588 619 1638 universo
658 1592 948 1641 mortalium
975 1609 1196 1651 assensu,
1235 1596 1318 1645 vel
1349 1596 1530 1645 saltem
1559 1613 1622 1645 ex
1646 1596 1751 1646 illis
1778 1595 2210 1661 praevalentium.
2252 1594 2403 1645 Nulla
2443 1597 2521 1642 est

372 1667 471 1716 alia
523 1670 752 1730 rimula⁹
808 1690 897 1736 per
950 1692 1100 1739 quam
1152 1676 1312 1726 virtus
1367 1678 1494 1726 haec
1533 1678 1596 1726 ad
1642 1677 1928 1727 Ecclesiam
1986 1692 2196 1725 manare
2251 1674 2512 1740 potuisset.

372 1748 471 1796 Sed
510 1765 535 1798 a
575 1749 714 1799 nullo
752 1752 962 1801 istorum
1005 1755 1195 1803 habet:
1235 1773 1355 1822 ergo
1399 1757 1634 1805 virtutem
1663 1757 1980 1820 praedictam
2019 1771 2117 1804 non
2158 1754 2334 1803 habet.
2373 1751 2518 1810 Quod

371 1835 537 1876 autem
577 1844 605 1876 a
642 1830 781 1880 nullo
818 1831 1029 1881 istorum
1067 1833 1273 1894 habeat,
1300 1836 1372 1884 sic
1410 1843 1639 1901 apparet.
1680 1842 1802 1886 Nam
1833 1835 1927 1884 sia
1955 1841 2054 1884 Deo
2082 1833 2381 1898 recepisset,
2421 1832 2519 1880 hoc

370 1906 550 1957 fuisset
590 1916 677 1958 aut
714 1926 807 1973 per
845 1911 1011 1977 legem
1053 1914 1296 1971 divinam,
1333 1920 1419 1963 ant
1458 1932 1548 1979 per
1587 1914 1901 1972 naturalem3
1943 1914 2063 1979 quia
2096 1914 2232 1979 quod
2270 1928 2298 1962 a
2335 1915 2520 1961 natura

370 1988 618 2053 recipitur
646 1992 719 2055 a),
747 2005 775 2038 a
812 1996 917 2040 Deo
955 1994 1214 2057 recipitur,
1252 2009 1350 2042 non
1388 2002 1557 2044 tamen
1596 1995 1929 2045 convertitur.
1973 1994 2069 2043 Sed
2111 2009 2209 2043 non
2248 2009 2340 2058 per
2376 1997 2521 2040 natu·

369 2067 566 2127 ralem3
608 2072 727 2135 quia
766 2078 945 2121 natura
984 2090 1079 2123 non
1119 2075 1336 2140 imponit
1375 2074 1574 2141 legem,
1610 2076 1705 2125 nisi
1745 2077 1848 2127 suis
1876 2074 2196 2133 effectibus3
2236 2077 2350 2122 cum
2388 2078 2520 2123 Deus

369 2149 680 2200 insufficiens
720 2170 832 2203 esse
873 2169 969 2203 non
1008 2155 1197 2217 possit,
1235 2156 1322 2205 ubi
1375 2155 1486 2205 sine
1526 2156 1769 2206 secundis
1824 2156 2098 2221 agentibus
2135 2154 2275 2204 aliud
2313 2154 2364 2203 in
2404 2169 2519 2203 esse

367 2231 621 2293 producit.
661 2234 799 2282 Unde
840 2239 951 2284 cum
992 2235 1221 2284 Ecclesia
1257 2252 1355 2285 non
1394 2220 1461 2286 sif
1494 2237 1706 2287 effectus
1741 2242 1974 2296 naturae,
2013 2236 2101 2286 sed
2139 2235 2230 2285 Dei
2268 2234 2516 2284 dicentis:

371 2314 528 2370 Super
564 2313 690 2361 hanc
712 2322 902 2373 petram
928 2319 1190 2377 aedificabo
1214 2317 1484 2364 Ecclesiam
1510 2331 1694 2372 meam3
1723 2321 1775 2365 et
1801 2315 1925 2364 alibi
1948 2333 1960 2360 ι
1993 2315 2124 2375 Opus
2159 2317 2520 2380 consummavi,

371 2393 497 2451 qnod
531 2394 713 2439 dedisti
753 2395 874 2439 mim·
911 2400 969 2440 ut
1004 2395 1230 2453 faciam3
1271 2392 1595 2444 manifestum
1635 2401 1730 2452 est,
1772 2393 1907 2458 quod
1935 2393 1979 2443 ei
2008 2398 2185 2442 natura
2213 2392 2379 2458 legem
2418 2407 2518 2442 non

370 2469 532 2518 dedit.
572 2472 669 2520 Sed
711 2487 805 2520 nec
843 2488 936 2537 per
975 2472 1236 2531 divinam3
1275 2472 1443 2521 omnis
1479 2487 1702 2536 namque
1741 2474 1909 2523 divina
1946 2472 2050 2531 16Χ,
2090 2473 2304 2522 duorum
2344 2477 2516 2522 Testa-

370 2556 663 2600 mentorum
705 2553 903 2617 gremio
942 2552 1257 2602 continetur:
1296 2553 1345 2602 in
1385 2570 1486 2618 quo
1525 2554 1735 2619 quidem
1773 2555 1970 2621 gremio
1997 2553 2232 2619 reperire
2269 2568 2368 2604 non
2405 2568 2522 2618 pos-

369 2647 503 2688 sum,
543 2631 898 2695 temporalium
940 2632 1334 2684 sollicitudinem
1375 2634 1480 2684 sive
1519 2650 1696 2683 curam
1751 2634 2041 2685 sacerdotio
2097 2634 2263 2699 primo
2312 2633 2395 2684 vel
2434 2649 2520 2682 no-

373 2712 586 2762 vissimo
625 2713 1035 2764 commendatam
1074 2712 1252 2764 fuisse.
1300 2714 1540 2774 Quinimo
1577 2715 1780 2765 invenio
1804 2752 1820 2774 ,
1873 2714 2170 2766 sacerdotes
2221 2715 2414 2781 primos
2452 2713 2518 2764 ab

374 2792 466 2843 illa
504 2794 565 2843 de
607 2799 883 2858 praecepto
920 2799 1176 2853 remotos,
1213 2801 1267 2845 ut
1303 2800 1442 2859 patet
1496 2811 1588 2860 per
1628 2811 1686 2844 ea
1725 2810 1858 2860 quae
1903 2800 2038 2845 Deus
2091 2795 2155 2845 ad
2190 2800 2431 2864 Moysen3
2471 2799 2521 2844 et

372 2873 669 2922 sacerdotes
707 2872 1026 2934 novissimos,
1062 2888 1153 2937 per
1191 2890 1250 2923 ea
1277 2891 1407 2940 quae
1435 2873 1663 2925 Christus
1687 2875 1751 2923 ad
1779 2874 2074 2939 discipulos.
2111 2879 2270 2934 Quam
2309 2874 2520 2939 quidem

376 2953 440 3003 ab
483 2953 556 3003 eis
595 2970 708 3002 esse
747 2960 990 3003 remotam
1028 2954 1273 3019 possibile
1313 2971 1412 3005 non
1450 2959 1606 3013 esset,
1644 2954 1683 3004 si
1725 2955 1983 3022 regiminis
2011 2954 2308 3020 temporalis
2344 2962 2519 3006 aucto·

374 3033 500 3082 ritas
554 3046 580 3079 a
618 3031 906 3081 sacerdotio
962 3032 1296 3091 demanaret3
1336 3037 1449 3083 cum
1489 3035 1669 3085 saltem
1723 3035 1773 3083 in
1812 3034 2181 3085 anthorizando
2223 3033 2518 3085 sollicitudo

374 3111 680 3176 provisionis
716 3111 960 3168 instaret,
1000 3117 1049 3162 et
1085 3112 1271 3161 deinde
1310 3114 1507 3163 cautela
1545 3114 1780 3164 continua
1805 3152 1819 3174 ‚
1856 3130 1920 3163 ne
1960 3114 2315 3164 authorizatus
2353 3127 2380 3162 a
2421 3121 2521 3165 tra-

376 3191 498 3240 mite
552 3191 869 3241 rectitudinis
928 3192 1175 3243 deviaret.
1239 3194 1383 3255 Quod
1421 3199 1589 3244 autem
1631 3210 1656 3243 a
1694 3210 1748 3243 se
1786 3210 1882 3243 non
1940 3194 2225 3258 receperit,
2265 3194 2329 3242 de
2382 3192 2522 3244 sacili

376 3276 516 3336 patet
552 3272 660 3322 sic:
697 3273 835 3323 Nihil
863 3274 1104 3340 estquod
1134 3273 1255 3322 dare
1295 3274 1470 3340 possit,
1508 3275 1643 3339 qnod
1671 3292 1768 3324 non
1804 3275 1977 3325 habet.
2017 3275 2155 3326 Unde
2185 3290 2334 3324 omne
2368 3290 2521 3341 agens

374 3352 593 3418 aliquid,
633 3359 744 3403 actu
784 3371 900 3404 esse
939 3355 1036 3405 tale
1074 3361 1293 3420 oportet,
1332 3355 1483 3421 quale
1523 3371 1676 3422 agere
1712 3355 1968 3415 intendit3
2005 3360 2063 3404 ut
2100 3355 2318 3406 habetur
2353 3354 2403 3405 in
2437 3354 2517 3412 iis,

432 3488 479 3544 a)
513 3491 584 3534 Sic
614 3490 722 3534 Cod.
755 3492 865 3534 Ven.
898 3491 949 3534 In
979 3493 1098 3546 vulg.
1128 3505 1157 3536 α
1177 3496 1272 3537 Deo
1301 3495 1516 3547 recipitur
1543 3494 1689 3549 deest,
1719 3504 1808 3539 non
1838 3491 1950 3539 vero
1980 3493 2026 3536 in
2058 3494 2152 3537 nor.
2186 3493 2293 3538 edit.
