2696 4230
450 243 514 287 Μ
1073 253 1142 288 DE
1182 243 1494 289 Monacnm
1529 241 1632 285 Liss.
1675 242 1717 294 Ι,
1762 241 1814 288 C.
1855 242 1979 286 xlv.

446 356 584 389 mum
627 340 936 406 principium
977 347 1184 388 nostrae
1225 337 1482 387 libertatis
1518 344 1597 388 est
1634 337 1845 388 libertas
1892 337 2124 398 arbitrii,
2158 354 2311 401 quam
2341 345 2483 395 multi
2512 347 2603 396 ha.

448 420 571 471 bent
609 421 658 469 in
697 436 786 470 ore
810 458 824 479 ‚
862 421 912 467 in
954 418 1219 466 intellectu
1258 423 1380 466 vero
1418 416 1580 480 pauci.
1619 416 1835 466 Veniunt
1871 432 2090 479 namque
2129 434 2290 480 usque
2319 420 2379 468 ad
2409 421 2605 481 hoc‚ut

450 500 620 551 dicant
647 501 866 549 liberum
903 496 1177 548 arbitrium
1219 514 1362 555 esse„
1400 497 1621 546 liberum
1663 496 1726 545 de
1754 496 2315 562 voluntatejudicium3
2354 506 2402 548 et
2429 517 2605 551 verum

451 581 651 630 dicunt:
681 581 770 629 sed
802 579 1129 641 importatum
1172 593 1262 640 per
1301 578 1461 626 verba
1500 577 1649 641 longe
1691 584 1768 626 est
1807 577 1870 624 ab
1900 577 2009 634 eis;
2038 579 2471 643 quemadmodum
2499 587 2608 631 tota

449 661 532 711 die
571 659 739 724 Logici
778 658 936 708 nostri
978 655 1172 709 faciunt
1212 657 1273 706 de
1311 656 1620 720 quibusdam
1664 657 2129 722 propositionibuS‚
2170 674 2303 723 quae
2345 660 2403 708 ad
2439 675 2615 708 exem-

449 741 586 806 plum
627 739 927 803 logicalibus
965 737 1337 786 interseruntur
1375 737 1464 801 a);
1522 743 1640 801 puta
1682 738 1746 787 de
1804 739 1927 788 hac:
1967 741 2268 806 Triangulus
2307 741 2465 789 habet
2503 748 2608 790 tres

451 819 667 883 angulos
709 821 758 884 b)
798 821 998 869 duobus
1040 820 1190 869 rectis
1230 818 1494 884 aequales.
1531 823 1591 867 Et
1630 818 1748 866 ideo
1778 819 1911 878 dico‚
1938 821 2071 883 quod
2098 821 2346 886 judicium
2378 821 2605 871 medium

449 906 527 948 est
564 899 992 963 apprehensionis
1032 906 1079 948 et
1116 899 1398 964 appetitus:
1454 913 1567 946 nam
1607 898 1772 962 primo
1827 915 1910 948 res
1951 900 2388 964 apprehenditur3
2428 901 2612 951 deinde

447 978 784 1042 apprehensa,
825 980 957 1030 bona
983 987 1067 1028 aut
1095 980 1224 1029 mala
1257 980 1547 1046 judicatum
1585 986 1637 1029 et
1676 978 1855 1029 ultimo
1887 979 2123 1045 judicans
2149 981 2503 1045 prosequitur,
2531 986 2617 1031 aut

445 1057 590 1122 fugit.
630 1059 677 1108 Si
720 1075 843 1125 ergo
877 1060 1124 1126 judicium
1165 1064 1372 1108 moveat
1409 1060 1614 1108 omnino
1654 1060 1939 1122 appetitum
1965 1095 1979 1116 ‚
2015 1066 2067 1110 et
2105 1059 2242 1108 nullo
2278 1061 2430 1109 modo
2465 1078 2616 1125 prae-

447 1140 679 1189 veniatur
719 1140 784 1189 ab
824 1157 905 1197 eo,
944 1141 1168 1190 liberum
1198 1145 1299 1189 est:
1327 1138 1363 1188 si
1392 1143 1512 1187 vero
1550 1141 1614 1188 ab
1641 1140 1887 1203 appetitu,
1926 1155 2236 1203 quocunque
2274 1141 2428 1191 modo
2465 1157 2614 1207 prae-

446 1220 715 1278 veniente,
748 1220 1000 1286 judicium
1042 1224 1341 1275 moveatur,
1382 1217 1599 1267 liberum
1642 1235 1755 1268 esse
1796 1234 1894 1268 non
1937 1224 2138 1282 potest;
2181 1220 2295 1283 quia
2336 1236 2431 1268 non
2471 1236 2496 1269 a
2536 1236 2614 1280 se,

448 1301 535 1351 sed
578 1301 642 1350 ab
680 1301 782 1351 alio
819 1301 1072 1366 captivum
1129 1299 1366 1351 trahitur.
1408 1303 1470 1348 Et
1509 1299 1626 1348 hinc
1666 1305 1774 1359 est,
1829 1300 1966 1365 quod
2019 1301 2162 1349 bruta
2190 1301 2440 1367 judicium
2481 1302 2615 1351 libe-

448 1399 564 1431 rum
606 1382 801 1431 habere
839 1398 935 1431 non
975 1388 1221 1446 possunt,
1261 1381 1379 1446 quia
1434 1397 1614 1430 eorum
1650 1382 1849 1448 judicia
1889 1398 2097 1448 semper
2135 1383 2358 1447 appetitu
2400 1399 2611 1447 praeve-

446 1465 668 1514 niuntur.
706 1469 770 1513 Et
805 1463 920 1512 hinc
960 1464 1109 1512 etiam
1154 1470 1331 1526 patere
1386 1467 1600 1526 potest,
1649 1462 1788 1528 quod
1841 1463 2155 1513 substantiae
2193 1463 2568 1514 intellectuales
2597 1499 2613 1520 ‚

448 1559 666 1608 quarum
708 1548 822 1591 sunt
857 1541 1209 1591 immutabiles
1263 1542 1585 1599 voluntateS‚
1639 1557 1733 1590 nec
1772 1557 1868 1590 non
1923 1542 2125 1590 animae
2165 1548 2431 1605 separatae
2481 1541 2613 1591 bene

445 1623 563 1672 hinc
590 1624 867 1680 abeuntes,
892 1622 1184 1672 libertatem
1213 1621 1414 1672 arbitrii
1452 1622 1518 1672 ob
1556 1621 2026 1671 immutabilitatem
2051 1621 2320 1671 voluntatis
2341 1638 2440 1672 non
2468 1622 2615 1670 amit-

445 1706 596 1761 tunt,
633 1702 724 1751 sed
763 1700 1139 1766 perfectissime
1178 1708 1330 1765 atque
1370 1701 1633 1766 potissime
1671 1699 1766 1751 hoc
1805 1701 2043 1750 retinent.
2085 1706 2193 1749 Hoc
2231 1701 2371 1758 viso,
2420 1701 2609 1751 iterum

445 1780 777 1830 manifestum
819 1796 930 1829 esse
970 1787 1174 1844 potest,
1210 1780 1348 1844 quod
1388 1779 1517 1830 haec
1555 1779 1808 1836 libertas,
1846 1779 1952 1828 sive
1991 1779 2294 1844 principium
2321 1778 2419 1828 hoc
2450 1779 2614 1829 totius

445 1870 649 1912 nostrae
690 1861 978 1919 libertam,
1016 1868 1096 1911 est
1133 1861 1414 1909 maximum
1472 1862 1660 1911 donum
1699 1860 1949 1910 humanae
1996 1868 2206 1910 naturae
2245 1876 2271 1907 a
2309 1866 2415 1910 Deo
2452 1859 2610 1910 colla-

448 1948 586 1991 tum:
614 1940 731 2006 quia
761 1957 851 2005 per
876 1941 1044 2006 ipsum
1073 1939 1154 1988 hic
1181 1939 1509 1996 felicitamur,
1538 1945 1590 1988 ut
1619 1939 1880 1996 homines;
1925 1957 2017 2005 per
2044 1940 2212 2005 ipsum
2243 1939 2363 1987 alibi
2392 1940 2607 1990 felicita-

450 2037 593 2080 mur,
631 2028 686 2071 ut
725 2021 801 2070 Dii
832 2021 896 2088 c).
935 2019 1080 2079 Quod
1120 2019 1160 2068 si
1189 2019 1259 2070 ita
1287 2018 1404 2082 erit,
1445 2019 1560 2083 quis
1588 2017 1685 2068 erit
1712 2019 1797 2082 qui
1838 2020 2116 2068 humanum
2145 2033 2306 2081 genus
2331 2018 2521 2082 optime
2556 2033 2612 2068 se

448 2103 643 2152 habere
682 2118 779 2152 non
820 2102 974 2159 dicat,
1013 2105 1126 2150 cum
1170 2100 1430 2165 potissime
1467 2099 1567 2148 hoc
1606 2098 1857 2164 principio
1900 2099 2056 2164 possit
2095 2098 2210 2148 uti?
2248 2098 2346 2148 Sed
2384 2099 2609 2148 existens

449 2183 544 2233 sub
580 2182 890 2242 Monarcha,
928 2188 1009 2232 est
1050 2182 1312 2246 potissime
1353 2180 1594 2230 liberum.
1632 2186 1849 2245 Propter
1888 2181 2024 2245 quod
2051 2180 2309 2228 sciendum
2334 2215 2349 2237 ‚
2388 2180 2523 2242 quod
2551 2179 2612 2228 il-

450 2264 540 2315 lud
580 2271 658 2314 est
695 2263 954 2319 liberum,
994 2262 1131 2327 quod
1169 2263 1387 2318 suimet,
1429 2267 1479 2310 et
1515 2278 1614 2311 non
1642 2261 1857 2312 alterius
1885 2263 2047 2328 gratia
2075 2268 2183 2312 est:
2210 2269 2267 2312 ut
2290 2260 2610 2325 Philosopho

450 2343 619 2408 placet
653 2343 703 2393 in
736 2343 832 2402 iis,
870 2358 999 2407 quae
1038 2347 1092 2391 de
1129 2344 1420 2402 simpliciter
1454 2342 1597 2389 Eme.
1634 2345 1758 2388 Nam
1798 2340 1848 2388 id
1886 2341 2022 2404 quod
2059 2348 2135 2389 est
2170 2339 2391 2406 *alterius
2430 2339 2615 2404 gratia,

450 2423 790 2473 necessitatur
828 2423 893 2473 ab
931 2422 1040 2480 illc,
1077 2421 1223 2487 cujus
1271 2422 1430 2487 gratia
1470 2427 1583 2478 est,
1619 2420 1748 2469 sicut
1801 2420 1881 2469 via
1932 2418 2269 2468 necessitantur
2306 2433 2332 2466 a
2370 2419 2613 2467 termino.

453 2507 622 2552 Genus
657 2501 936 2551 humanum
960 2537 974 2560 ,
1012 2501 1169 2551 solum
1208 2501 1488 2565 imperante
1533 2497 1849 2556 Morini-cha,
1906 2496 1983 2546 sui
2025 2501 2073 2545 et
2108 2511 2206 2544 non
2244 2495 2458 2545 alterius
2496 2512 2610 2562 gra-

451 2580 519 2631 tia
574 2589 692 2631 est:
746 2589 864 2631 tunc
918 2582 1052 2632 enim
1110 2581 1275 2631 solum
1330 2579 1542 2645 politiae
1598 2578 1884 2643 diriguntur
1938 2574 2225 2638 obliquae,
2263 2574 2613 2625 democratiae

451 2660 685 2719 seilicet,
722 2660 1039 2726 oligarchiae
1080 2665 1233 2724 atque
1268 2659 1598 2725 tyrannides,
1637 2673 1768 2722 quae
1806 2657 1854 2704 in
1895 2656 2191 2705 servitutem
2231 2660 2417 2720 cogunt
2452 2671 2611 2721 genus

451 2739 761 2798 humanum,
802 2745 856 2788 ut
909 2744 1045 2804 patet
1095 2737 1400 2787 discurrenti
1439 2752 1532 2803 per
1568 2753 1780 2794 omnes3
1821 2742 1870 2785 et
1906 2735 2168 2799 politizant
2205 2735 2256 2800 d.)
2293 2750 2474 2800 regeS‚
2512 2733 2613 2782 ari-

453 2820 748 2878 stocratici‚
787 2837 912 2884 quos
949 2818 1223 2884 optimates
1260 2825 1474 2876 vocant,
1529 2824 1579 2868 et
1615 2816 1788 2882 populi
1845 2816 2100 2866 libertatis
2145 2813 2412 2864 zelatores.
2465 2813 2613 2872 Quia,

453 2905 569 2950 cum
609 2898 887 2949 Monarcha
925 2899 1147 2947 maxime
1187 2897 1365 2962 diligat
1401 2897 1634 2946 homines
1658 2932 1670 2954 ,
1707 2903 1763 2947 ut
1794 2895 1899 2963 jam
1941 2901 2125 2944 tactum
2158 2900 2266 2952 est,
2295 2892 2405 2943 vult
2431 2908 2611 2941 omnes

451 2977 683 3028 homines
721 2977 883 3028 bonos
920 2975 1063 3026 fieri:
1118 2977 1258 3040 quod
1314 2992 1426 3026 esse
1463 2992 1563 3025 non
1603 2981 1773 3040 potest
1825 2975 1960 3039 apud
2030 2974 2242 3039 oblique
2281 2972 2615 3038 politizantes.

453 3059 595 3109 Unde
625 3058 967 3122 Philosophus
1004 3058 1054 3106 in
1084 3059 1188 3107 suis
1215 3061 1440 3107 Politicis
1474 3058 1573 3108 ait:
1606 3057 1746 3114 Quod
1779 3061 1832 3105 in
1854 3061 2033 3118 politici
2057 3059 2259 3118 obliqua
2293 3060 2443 3105 bonus
2471 3055 2612 3101 homo

514 3261 558 3315 a)
593 3264 704 3306 Cod.
734 3264 833 3304 Ven
881 3266 1156 3307 interserunt.
1625 3261 1668 3315 c)
1700 3263 1749 3304 In
1783 3262 1890 3305 Cod.
1924 3264 2035 3305 Ven.
2069 3263 2196 3303 deest.
2226 3264 2278 3304 ut
2307 3262 2399 3304 Dii.

459 3319 564 3417 mg!
586 3319 640 3415 lin]
662 3321 777 3416 νὲιὲᾔ.
811 3321 937 3417 ἓδῖεῑ
967 3333 1052 3364 vox
1082 3323 1286 3373 angulo-5,
1313 3330 1401 3362 non
1432 3320 1495 3361 ta·
1623 3319 1665 3373 d)
1702 3321 1751 3361 ln
1785 3319 1895 3362 Cod,
1929 3320 2038 3361 Vena
2068 3320 2323 3370 politicam.
