2696 4230
390 199 454 243 56
1022 208 1092 243 DE
1127 196 1441 243 MoNAnch
1476 198 1580 243 Lm.
1616 198 1683 254 ΙΙ,
1719 199 1770 246 C.
1811 200 1914 244 Vll.

388 293 534 350 tura3
576 291 715 358 quod
753 291 827 342 sic
868 291 1173 341 declaratur:
1213 290 1354 341 Sicut
1387 290 1478 342 ille
1516 291 1765 342 deficeret
1804 291 1870 342 ab
1909 293 2032 343 artis
2074 293 2421 359 perfectione,
2450 302 2535 367 qui

390 370 599 422 finalem
638 371 855 422 formam
893 374 1083 422 tantum
1139 371 1432 423 intenderet
1475 373 1681 433 ,media
1720 378 1863 432 vero,
1904 390 1997 439 per
2043 390 2176 439 quae
2214 376 2277 425 ad
2315 376 2537 429 formam

393 453 740 518 pertingeret,
778 467 876 499 non
914 457 1147 502 curaret:
1185 452 1257 501 sic
1295 459 1503 510 natura,
1543 453 1582 501 si
1619 452 1780 503 solam
1819 452 2034 504 formam
2076 455 2423 507 universalem
2464 459 2539 508 di-

390 531 538 583 vinae
578 530 928 581 similitudinis
965 531 1015 580 in
1053 532 1294 582 universo
1329 533 1645 591 intenderet,
1686 534 1856 584 media
1893 541 2063 584 autem
2103 536 2401 602 negligeret.
2434 539 2534 589 Sed

393 618 574 660 natura
610 610 661 656 in
699 609 836 660 nulla
863 609 1183 674 perfectione
1222 611 1431 670 deficit,
1477 616 1589 662 cum
1628 612 1696 662 sit
1733 629 1863 678 opus
1902 613 2100 663 divinae
2130 615 2533 681 intelligentiae:

391 706 514 753 crgo
544 689 711 738 media
751 689 917 739 omnia
946 690 1195 750 intendit,
1233 708 1329 757 per
1368 680 1498 757 quae
1535 693 1601 742 ad
1635 691 1873 742 ultimum
1914 708 2037 743 suae
2064 695 2357 745 intentionis
2382 696 2536 746 deve-

390 768 543 816 nitur.
585 771 706 817 Ct'lm
745 784 866 834 ergo
904 767 1019 819 finis
1052 771 1259 821 humani
1298 771 1501 836 generis
1537 771 1604 821 sit
1657 771 1868 837 aliquod
1909 772 2134 821 medium
2185 775 2535 825 necessarium

390 849 455 897 ad
494 847 651 896 finem
691 854 902 899 naturae
941 850 1321 912 universalem;
1357 867 1569 902 necesse
1624 858 1728 911 est,
1767 860 2000 903 naturam
2047 852 2214 917 ipsum
2248 853 2538 904 intendere.

388 934 604 993 Propter
639 927 779 991 quod
817 927 948 977 bene
986 928 1358 994 Philosophus,
1395 938 1628 982 naturam
1670 947 1878 995 semper
1917 947 2068 997 agere
2108 940 2317 997 propter
2354 933 2534 991 finem,

386 1007 436 1055 in
476 1006 703 1057 secundo
741 1009 809 1055 De
834 1011 1064 1056 naturali
1097 1012 1273 1060 auditu
1311 1009 1509 1074 probat.
1530 1013 1595 1059 Et
1633 1008 1751 1074 quia
1787 1009 1851 1058 ad
1885 1008 2020 1059 hunc
2044 1009 2194 1059 finem
2221 1019 2397 1063 natura
2425 1027 2546 1076 per-

386 1088 586 1154 tingere
637 1102 737 1136 non
787 1093 952 1152 potest
996 1104 1089 1154 per
1142 1104 1296 1139 unum
1351 1087 1648 1146 hominem3
1688 1089 1803 1136 cum
1852 1087 2046 1137 multae
2083 1089 2183 1140 sint
2220 1090 2542 1153 operationes

386 1167 714 1218 necessariae
752 1168 815 1218 ad
851 1168 1017 1234 ipsum
1041 1205 1057 1228 ,
1094 1184 1227 1233 quae
1264 1168 1643 1219 multitudinem
1681 1165 1951 1230 requirunt
1984 1166 2034 1215 in
2075 1168 2426 1232 operantibus:
2450 1183 2540 1218 ne·

386 1262 532 1298 cesse
570 1255 649 1299 est
683 1254 918 1300 naturam
955 1250 1243 1316 producere
1284 1249 1545 1301 hominum
1586 1247 1961 1299 multitudinem
2008 1247 2072 1296 ad
2114 1248 2433 1312 operationes
2457 1263 2541 1298 or-

388 1327 713 1379 dinatorum:
752 1330 815 1379 ad
853 1331 990 1396 quod
1030 1330 1242 1381 multum
1280 1333 1587 1389 conserunt,
1625 1334 1830 1394 praeter
1870 1328 2184 1392 superiorem
2222 1327 2540 1377 influentiam

385 1407 618 1458 locorum
655 1407 978 1471 inferiorum,
1016 1416 1066 1460 et
1114 1410 1331 1462 virtutes
1377 1415 1428 1463 et
1462 1409 1821 1476 proprietateS.
1858 1413 2071 1473 Propter
2108 1408 2243 1473 quod
2281 1408 2539 1462 videmuS,

388 1488 526 1551 quod
566 1489 775 1555 quidam
826 1506 924 1541 non
982 1490 1144 1542 solum
1183 1490 1466 1557 singulares
1519 1488 1786 1548 homineS,
1826 1487 1948 1554 quin
1988 1488 2142 1537 etiam
2184 1488 2397 1553 populi,
2435 1486 2538 1551 apti

384 1568 490 1617 nati
525 1576 642 1620 sunt
678 1570 742 1618 ad
779 1570 1089 1635 principari,
1131 1570 1340 1636 quidam
1377 1568 1440 1619 ad
1476 1567 1663 1635 subjici
1715 1573 1869 1632 atque
1914 1565 2242 1615 ministrare:
2285 1571 2339 1615 ut
2373 1564 2544 1615 Philo-

388 1646 576 1711 sophus
612 1652 800 1701 astruit
836 1650 888 1699 in
927 1651 991 1700 iis
1030 1666 1160 1716 quae
1199 1654 1254 1699 de
1285 1654 1523 1708 Politii33
1563 1653 1616 1699 et
1652 1646 1880 1706 talibus,
1915 1652 1974 1697 ut
2009 1645 2120 1712 ipse
2147 1644 2305 1704 dicit,
2332 1660 2431 1695 non
2459 1660 2542 1693 so-

387 1726 490 1775 lum
528 1729 637 1793 regi
676 1736 753 1779 est
791 1730 1076 1795 expediens
1100 1766 1116 1789 ‚
1153 1731 1245 1781 sed
1282 1735 1333 1780 et
1362 1731 1585 1797 justum,
1623 1727 1827 1778 etiamsi
1865 1726 1930 1776 ad
1967 1726 2068 1777 hoc
2104 1731 2365 1793 cogantur.
2392 1730 2533 1785 Quae

390 1805 431 1853 si
468 1805 536 1855 ita
577 1822 632 1854 se
671 1806 898 1865 hahent,
937 1823 1036 1857 non
1075 1809 1284 1859 dubium
1324 1814 1432 1865 est,
1470 1807 1592 1870 quin
1626 1812 1806 1857 natura
1842 1804 2015 1855 locum
2055 1811 2107 1855 et
2139 1811 2338 1871 gentem
2369 1804 2540 1868 dispo-

389 1885 551 1934 suerit
587 1885 637 1934 in
676 1886 866 1936 mundo
920 1888 982 1936 ad
1022 1885 1381 1938 universaliter
1436 1886 1863 1951 principandum:
1903 1885 2052 1935 aliter
2088 1883 2185 1933 sibi
2223 1883 2544 1942 defecisset3

391 1964 529 2027 quod
568 1968 645 2013 est
681 1964 1023 2029 impossibile.
1061 1966 1187 2026 Quis
1221 1970 1394 2016 autem
1432 1965 1586 2016 fuerit
1620 1965 1786 2023 locus,
1834 1970 1882 2014 et
1919 1980 2050 2029 quae
2089 1978 2241 2034 gens,
2276 1979 2369 2028 per
2406 1963 2544 2014 dicta

389 2043 630 2106 superius
667 2051 719 2094 et
755 2042 973 2095 inferius
1009 2047 1131 2097 satis
1170 2053 1247 2097 est
1285 2045 1649 2103 manifestum,
1703 2044 1841 2110 quod
1891 2043 2044 2094 fuerit
2077 2049 2240 2094 Roma
2268 2080 2283 2103 ‚
2319 2049 2370 2094 et
2404 2043 2543 2094 cives

390 2121 540 2187 ejuS,
580 2122 688 2173 sive
727 2123 958 2188 populus.
1000 2125 1144 2185 Quod
1201 2131 1250 2175 et
1296 2131 1453 2176 Poeta
1488 2132 1658 2176 noster
1694 2123 1849 2176 valde
1901 2120 2161 2172 subtiliter
2198 2120 2247 2170 in
2286 2127 2431 2173 sexto
2469 2127 2543 2171 te-

388 2201 538 2267 tigit,
590 2203 922 2256 introducens
974 2205 1226 2256 Anchisen
1277 2211 1696 2272 praemonentem
1748 2210 2027 2266 AEneam,
2064 2211 2410 2257 Romanorum
2457 2217 2543 2269 pa-

386 2286 516 2329 trem
538 2317 554 2340 ,
595 2282 668 2332 sic
692 2301 703 2329 :
1595 2340 1597 2342 ,

669 2366 937 2413 Excudent
973 2369 1066 2415 alii
1101 2370 1347 2427 spirantia
1382 2368 1581 2416 mollius
1620 2381 1738 2415 aera
1765 2401 1780 2422 ,

664 2446 812 2493 Credo
851 2449 1072 2506 equidem
1109 2450 1248 2494 vivos
1285 2449 1460 2495 ducent
1495 2447 1552 2492 de
1589 2459 1833 2493 marmore
1871 2436 2055 2503 vultuS,

672 2522 893 2572 Orabunt
929 2540 1106 2574 causas
1142 2529 1353 2583 melius,
1389 2527 1603 2584 coelique
1640 2531 1831 2574 meatus

664 2604 953 2652 Describam
988 2606 1131 2651 radio
1154 2638 1170 2660 ,
1208 2612 1255 2652 et
1289 2605 1545 2665 surgentia
1579 2605 1746 2651 sidera
1783 2605 1974 2651 dicent:

672 2684 742 2729 Tu
778 2696 936 2742 reyere
970 2687 1174 2745 imperio
1209 2687 1410 2745 populos
1432 2717 1447 2740 ,
1485 2685 1704 2731 Romane
1727 2716 1740 2738 ,
1781 2691 2050 2740 mement03

663 2763 770 2810 Hae
807 2764 901 2810 tibi
935 2769 1078 2809 erunt
1114 2769 1279 2820 artes,
1310 2765 1515 2823 pacique
1551 2764 1797 2822 imponere
1822 2776 2004 2810 morem
2032 2795 2048 2820 ,

659 2844 869 2889 Parcere
906 2844 1140 2903 subjectis
1164 2878 1180 2900 ,
1220 2850 1266 2891 et
1302 2846 1546 2892 debellare
1582 2844 1833 2903 superbos·

386 2917 777 2982 Dispositionem
816 2923 940 2969 vero
977 2920 1076 2970 loci
1114 2921 1377 2973 subtiliter
1425 2919 1589 2986 tangit
1624 2919 1676 2969 in
1729 2924 1908 2986 quarto
1935 2953 1950 2976 ,
1988 2934 2103 2969 cum
2143 2917 2420 2971 introducit
2454 2924 2539 2970 Jo-

387 3012 503 3045 vem
542 2996 606 3046 ad
640 2997 955 3049 Mercurium
995 2998 1057 3048 de
1094 3003 1281 3050 AEnea
1317 2998 1615 3065 loquentem
1653 2999 1753 3049 isto
1794 2998 1983 3050 modo:

663 3081 773 3127 Non
810 3081 951 3127 illum
989 3082 1130 3129 nobis
1166 3083 1389 3141 genitrix
1418 3080 1755 3141 pulcherrima
1791 3082 1946 3128 talem

662 3159 921 3214 Promisit,
961 3157 1259 3221 Graiumque
1299 3162 1404 3207 ideo
1442 3162 1514 3208 bis
1551 3161 1780 3208 vindicat
1814 3163 2002 3208 armis:

666 3238 760 3283 Sed
793 3237 891 3295 fore
929 3241 1015 3298 qai
1050 3242 1310 3297 gravidam
1346 3241 1570 3300 imperiis
1594 3274 1611 3298 ‚
1646 3241 1866 3301 belloque
1909 3241 2195 3302 frementem

667 3316 870 3362 Italiam
907 3325 1106 3377 reyeret.

386 3397 662 3456 Propterea
701 3393 819 3443 satis
854 3410 1153 3458 persuasum
1193 3403 1299 3456 est,
1339 3395 1477 3462 quod
1518 3395 1741 3461 populus
1777 3402 2035 3447 Romanus
2070 3401 2247 3448 natura
2274 3396 2535 3448 ordinatus

388 3471 487 3522 fuit
523 3473 583 3521 ad
624 3473 996 3538 imperandum.
1036 3476 1167 3542 Ergo
1204 3481 1459 3526 Romanus
1496 3477 1718 3544 populus
1756 3476 2063 3544 subjicendo
2100 3477 2199 3527 sibi
2238 3478 2440 3536 orbem,
2467 3475 2531 3526 de

384 3552 498 3617 jure
538 3553 602 3603 ad
640 3554 919 3620 imperium
958 3554 1112 3607 venit.
