2696 4230
442 204 507 247 so
1055 175 1123 245 ι’)ιε
1159 201 1474 247 ΜοΝΑῃωιιΑ
1515 201 1618 244 Lm.
1657 202 1750 252 111,
1792 200 1957 245 c.111.

445 301 531 351 lici
569 301 857 361 Christum,
899 302 1003 351 sive
1042 307 1330 357 venturum,
1368 299 1528 348 sivem
1559 304 1895 364 praesentem,
1934 298 2040 347 sive
2074 298 2175 364 jam
2215 315 2418 363 passum
2460 317 2570 351 cre-

443 384 715 442 diderunt;
755 391 803 433 et
841 382 1090 433 credendo
1131 386 1506 444 speraverunt,
1546 387 1595 430 et
1630 387 1892 444 sperantes
1931 379 2171 428 charitate
2206 389 2479 438 arserunt,
2519 386 2568 430 ct

442 466 681 514 ardentes
719 464 763 512 ci
803 462 1118 511 cohaeredes
1152 460 1310 510 factos
1348 461 1399 528 a)
1438 477 1550 511 esse
1591 461 1806 510 mundus
1843 476 1942 510 non
1983 460 2199 511 dubitat.
2236 466 2319 519 Et,
2356 468 2405 508 ut
2446 463 2570 511 tales

442 545 503 594 de
543 544 788 609 praesenti
844 542 1103 610 gymnasio
1156 542 1377 591 totaliter
1432 542 1808 598 excludantur,
1866 546 1940 591 est
1982 541 2386 599 advertendum,
2438 543 2572 605 quod

442 626 691 688 quaedam
731 623 981 687 scriptura
1021 630 1096 672 est
1135 631 1248 671 ante
1283 623 1562 672 Ecclesiam
1591 659 1605 680 ,
1654 622 1901 688 quaedam
1944 639 2056 671 cum
2106 622 2335 673 Ecclesia
2363 658 2376 679 ‚
2417 638 2569 687 quae-

443 707 554 755 dam
599 710 709 768 post
747 702 1046 753 Ecclesiam.
1087 708 1211 753 Ante
1250 703 1455 768 quidein
1495 703 1776 754 Ecclesiam
1818 710 1930 754 sunt
1965 692 2109 754 vetus
2151 710 2202 753 et
2253 720 2439 753 novum
2479 710 2572 753 Te-

444 791 744 835 stamentum
765 822 778 842 ,
807 783 940 849 quod
964 784 1010 832 in
1039 791 1302 834 aeternum
1344 784 1636 835 mandatum
1679 793 1785 844 est,
1809 793 1864 836 ut
1900 784 1969 835 ait
2006 785 2281 849 Propheta,
2310 784 2408 834 hoc
2436 785 2571 835 enim

443 871 519 914 est
557 866 689 927 quod
731 865 851 915 dicit
890 864 1115 913 Ecclesia
1139 902 1152 924 ,
1205 864 1421 930 loquens
1459 865 1519 914 ad
1573 870 1856 930 Sponsum:
1907 868 2060 915 Trahe
2097 881 2167 913 nto
2205 872 2309 926 post
2346 871 2405 913 te.
2446 870 2569 915 Cum

443 948 669 997 Ecclesia
705 963 824 995 vero
864 951 975 995 sunt
1014 946 1301 995 veneranda
1346 946 1428 996 illa
1469 946 1685 996 Concilia
1725 945 2055 1011 principalia,
2093 946 2277 1011 quibus
2315 946 2570 997 Christum

443 1026 735 1077 interfuisse
775 1044 924 1077 nemo
961 1025 1126 1076 fidelis
1163 1028 1396 1087 dubitat3
1435 1032 1547 1077 cum
1589 1027 1909 1086 babeamus,
1947 1028 2113 1092 ipsum
2144 1028 2334 1077 dixisse
2362 1027 2576 1093 discipu-

443 1107 536 1167 lis,
576 1124 906 1158 ascensurum
945 1108 994 1158 in
1035 1108 1262 1158 coelum:
1305 1112 1423 1159 Ecce
1478 1125 1558 1171 690
1598 1114 1839 1158 vobiscum
1872 1127 1976 1159 sum
2012 1113 2067 1159 in
2104 1115 2326 1159 omnibus
2365 1114 2528 1159 diebus
2557 1147 2572 1167 ,

442 1205 589 1250 usque
626 1195 689 1238 acl
728 1195 1193 1241 consummationem
1230 1194 1453 1249 saecul2'3
1510 1198 1566 1242 ut
1601 1190 1891 1242 Matthaeus
1939 1197 2168 1242 testatur.
2207 1197 2328 1243 Sunt
2367 1198 2416 1242 et
2455 1191 2580 1241 scri-

443 1276 622 1334 pturae
662 1269 960 1327 doctorum,
997 1270 1261 1336 Augustini
1299 1276 1351 1321 et
1399 1269 1658 1329 aliorum,
1697 1288 1822 1336 quos
1860 1288 1886 1321 a
1926 1270 2112 1336 Spiritu
2153 1276 2335 1322 Sancto
2374 1272 2574 1339 adjutos

444 1350 558 1412 quis
598 1350 826 1408 dubitat,
867 1350 1057 1401 fructus
1096 1367 1273 1401 eorum
1313 1351 1394 1401 vel
1436 1351 1640 1402 omnino
1682 1368 1780 1402 non
1805 1351 1968 1410 vidit,
2004 1353 2088 1402 vel
2126 1353 2165 1401 si
2193 1352 2337 1412 vidit,
2365 1353 2574 1401 minime

444 1433 740 1499 degustavit.
777 1440 891 1484 Post
926 1432 1208 1482 Ecclesiam
1248 1436 1371 1482 vero
1407 1437 1519 1482 sunt
1545 1432 1842 1482 traditiones
1867 1471 1881 1492 ,
1909 1449 2031 1499 quas
2059 1434 2349 1485 Decretales
2376 1433 2574 1484 dicunt:

445 1529 573 1576 quae
613 1514 817 1577 quidem
862 1513 954 1563 etsi
1007 1512 1307 1563 auctoritate
1342 1511 1630 1577 Apostolica
1683 1512 1779 1563 sint
1814 1512 2129 1563 venerandae
2154 1548 2169 1571 ‚
2208 1512 2577 1563 fundamentali

444 1597 617 1641 tamen
659 1594 944 1658 Scripturae
982 1593 1363 1657 postponendas
1401 1608 1511 1642 esse
1552 1582 1899 1642 dubitandum
1928 1609 2022 1641 non
2060 1598 2170 1651 est3
2210 1598 2318 1643 cum
2356 1592 2577 1643 Christus

446 1673 741 1723 Sacerdotes
780 1673 1128 1740 objurgaverit
1162 1672 1224 1721 de
1280 1671 1548 1722 contrario,
1605 1675 1727 1721 Cum
1767 1672 1902 1720 enim
1942 1672 2375 1737 interrogassent,
2417 1675 2576 1731 Quare

445 1759 678 1814 discipuli
715 1760 787 1803 tui
812 1758 1124 1802 traditionem
1148 1757 1395 1803 seniorum
1425 1756 1894 1812 transgyrediuntnr?
1920 1753 2264 1820 (negligebant
2299 1753 2433 1804 enim
2473 1769 2575 1802 ma-

444 1850 598 1882 nuum
635 1831 922 1899 lotionem),
951 1830 1182 1882 Christus
1209 1832 1301 1889 εἰς,
1327 1832 1587 1883 Matthaeo
1625 1836 1860 1893 testante,
1894 1834 2176 1897 respondit:
2216 1837 2376 1893 Quare
2415 1841 2459 1882 et
2494 1850 2579 1882 vos

445 1917 849 1973 transqrodimini
883 1918 1170 1962 mandatum
1205 1915 1331 1969 Dei,
1367 1919 1562 1972 propter
1597 1916 1911 1961 traditionem
1947 1913 2201 1962 vestram?
2239 1918 2289 1961 In
2330 1928 2428 1977 quo
2462 1912 2583 1962 satis

444 1993 632 2050 innuit,
668 1989 996 2042 traditionem
1036 1991 1454 2056 postponendam.
1504 1991 1645 2050 Quod
1698 1991 1740 2041 si
1780 1992 2075 2043 traditiones
2130 1991 2431 2049 Ecclesiae,
2468 1998 2583 2056 post

446 2072 730 2124 Ecclesiam
770 2077 914 2130 sunt,
954 2078 1009 2122 ut
1047 2070 1359 2121 declaratum
1398 2077 1507 2129 est,
1546 2087 1753 2121 necesse
1794 2079 1899 2129 est,-
1937 2078 2114 2122 utnon
2141 2071 2402 2121 Ecclesiae
2428 2087 2455 2121 a
2482 2078 2582 2122 tra-

448 2154 760 2213 ditionibus,
796 2154 886 2204 sed
923 2154 988 2203 ab
1026 2150 1253 2203 Ecclesia
1289 2151 1619 2202 traditionum
1660 2153 1867 2204 accedat
1903 2155 2189 2205 auctoritas,
2225 2159 2401 2219 Itaque
2428 2154 2479 2219 b)
2505 2170 2583 2202 so-

447 2235 526 2285 las
564 2235 858 2286 traditiones
894 2234 1187 2291 habentes,
1239 2241 1293 2284 nt
1347 2232 1655 2292 dicebatur,
1710 2250 1737 2283 a
1786 2233 2049 2303 gymnasio
2101 2233 2406 2285 excludendi
2460 2241 2583 2283 snnt.

453 2323 667 2382 Oportet
706 2317 841 2365 enim
880 2315 1010 2365 hanc
1046 2314 1308 2365 veritatem
1350 2319 1621 2372 venanteS,
1658 2331 1723 2364 ex
1761 2315 1858 2373 iis,
1895 2332 1960 2366 ex
1986 2315 2174 2380 quibus
2198 2315 2458 2365 Ecclesiae
2485 2331 2585 2363 ma·

454 2405 537 2449 nat
576 2397 895 2456 authoritas,
931 2395 1275 2463 investigando
1329 2394 1627 2460 procedere.
1668 2395 1734 2445 lis
1771 2396 1941 2460 itaque
1980 2397 2240 2456 exclusis,
2279 2396 2583 2446 excludendi

456 2486 570 2529 sunt
608 2478 711 2538 alii,
749 2479 860 2543 qui,
900 2493 1170 2528 corvorum
1209 2475 1394 2541 plumis
1432 2475 1630 2540 operti,
1669 2491 1790 2525 oves
1829 2476 1976 2527 albas
2014 2477 2062 2526 in
2102 2494 2252 2543 grege
2290 2477 2487 2527 Domini
2529 2493 2583 2526 se

450 2559 657 2625 jactant.
695 2560 758 2608 Hi
798 2565 910 2608 sunt
945 2558 1224 2623 impietatis
1260 2556 1368 2617 filii,
1408 2557 1515 2621 qui,
1557 2564 1608 2606 ut
1644 2557 1828 2623 flagitia
1869 2573 1956 2607 sua
1997 2558 2179 2622 exequi
2219 2558 2443 2622 possint,
2482 2574 2587 2607 ma-

459 2645 591 2689 trem
630 2637 974 2704 prostituunt,
1010 2636 1194 2686 fratres
1230 2635 1527 2700 expellunt,
1565 2642 1614 2685 et
1652 2636 1870 2700 denique
1901 2637 2132 2705 judicem
2171 2636 2364 2687 habere
2392 2637 2584 2687 nolunt.

455 2725 582 2770 Nam
621 2737 709 2769 cur
747 2719 809 2769 ad
847 2735 935 2770 eos
974 2717 1102 2769 ratio
1141 2721 1474 2783 quaereretur
1500 2753 1516 2774 ,
1553 2720 1665 2766 cum
1708 2722 1796 2769 sua
1852 2719 2122 2783 cupiditate
2176 2718 2365 2770 detenti
2403 2718 2588 2782 princi-

461 2800 542 2865 pia
581 2817 677 2851 non
712 2799 975 2849 viderint?
1012 2802 1324 2863 Quapropter
1362 2812 1476 2846 cum
1518 2795 1643 2847 solis
1664 2798 1968 2848 concertatio
2008 2803 2196 2857 restat,
2234 2799 2339 2862 qui,
2376 2798 2587 2864 aliquali

456 2881 569 2930 zelo
609 2898 730 2946 erga
771 2889 987 2931 matrem
1022 2877 1305 2929 Ecclesiam
1346 2877 1512 2935 ducti,
1539 2875 1695 2940 ipsam
1724 2893 1851 2941 quae
1879 2878 2139 2943 quaeritur
2158 2879 2424 2928 veritatem
2450 2878 2590 2945 igno-

457 2968 583 3012 rant.
623 2965 746 3011 Cum
787 2961 970 3025 quibus
1005 2959 1094 3011 illa
1130 2957 1413 3009 reverentia
1461 2958 1656 3016 fretuS,
1703 2975 1852 3027 quam
1894 2959 2005 3024 pins
2053 2957 2187 3008 filius
2227 2957 2383 3009 debet
2419 2958 2588 3023 patri,

458 3058 607 3106 quam
648 3042 760 3107 pius
799 3041 929 3091 filius
966 3039 1151 3098 matri,
1200 3038 1309 3104 pius
1359 3039 1407 3088 in
1445 3037 1695 3090 Christum
1725 3076 1740 3099 ,
1779 3041 1893 3105 pius
1945 3040 1996 3089 in
2033 3039 2350 3098 Ecclesiam,
2390 3039 2501 3105 pius
2538 3039 2588 3087 in

456 3129 714 3173 Pastorem
740 3159 755 3181 ‚
792 3122 907 3187 pius
943 3122 995 3171 in
1033 3136 1212 3171 omnes
1250 3119 1583 3170 Christianam
1623 3120 1919 3187 religionem
1959 3120 2281 3188 profitenteS,
2311 3136 2402 3188 pro
2427 3119 2588 3171 salute

458 3203 685 3253 veritatis
720 3204 771 3253 in
810 3203 908 3254 hoc
946 3203 1081 3253 libro
1120 3210 1381 3253 certamen
1421 3202 1623 3269 incipio.

519 3355 580 3440 α)”
602 3386 675 3429 Sic
707 3387 822 3431 Cod.
852 3388 984 3440 Vcn.;
1013 3387 1057 3430 in
1089 3388 1208 3439 vulg.
1239 3386 1421 3439 futuros.
1618 3384 1660 3440 b)
1694 3387 1801 3430 Cod.
1834 3389 1895 3429 Ηι·
1924 3389 1999 3439 qui
2026 3388 2144 3430 solas
2173 3388 2257 3429 etc.
