2696 4230
462 203 524 250 16
939 215 1007 251 ,DE
1049 204 1359 253 MoNAncuiA
1404 205 1501 248 Lm.
1543 205 1580 257 Ι,
1620 202 1670 248 C.
1710 203 1798 255 lx„
1833 206 1875 250 X
1915 213 1980 248 ET
2015 204 2098 248 XI.

1356 385 1550 432 CAPUT
1599 386 1682 430 IX.

522 540 777 608 Amplius,
804 540 1021 589 humana
1046 542 1348 592 universitas
1375 547 1452 590 est
1477 540 1732 605 quoddam
1757 547 1916 592 totum
1945 540 2006 590 ad
2033 539 2276 605 quasdam
2302 547 2506 608 parte53
2535 551 2583 596 et

456 631 535 675 est
571 622 821 689 quaedam
862 637 980 687 pars
1017 623 1081 673 ad
1118 622 1371 688 quoddam
1397 627 1574 671 totum.
1600 625 1687 673 Est
1710 622 1844 672 enim
1872 622 2128 688 quoddam
2157 628 2318 673 totum
2346 623 2408 673 ad
2435 640 2587 691 regna

452 702 782 768 particularia
806 739 820 761 ‚
859 708 908 752 et
945 702 1008 751 ad
1046 709 1222 769 gentes
1243 738 1257 760 ‚
1295 709 1349 752 ut
1386 699 1646 766 superiora
1673 702 1979 760 ostendunt3
2017 707 2067 751 et
2091 707 2167 752 est
2192 702 2439 768 quaedam
2471 721 2587 768 pars

454 783 519 831 ad
555 788 713 833 totum
751 783 1080 833 universum:
1116 788 1167 833 et
1202 783 1299 834 hoc
1336 790 1413 833 est
1449 782 1513 832 de
1553 799 1607 833 se
1645 779 1980 832 manifestum.
2020 781 2159 832 Sicut
2195 799 2317 848 ergo
2342 782 2588 836 inferiora

447 864 702 916 humanae
738 864 1074 915 universitatis
1111 864 1242 915 bene
1279 864 1589 930 respondent
1635 863 1696 913 ad
1733 864 1933 929 ipsam3
1986 862 2059 913 sic
2094 862 2203 927 ipsa
2239 864 2370 914 bene
2408 865 2593 917 dicitur

450 946 766 1012 respondere
793 946 854 996 ad
882 962 1028 996 suum
1052 951 1230 996 totum.
1249 951 1422 997 Partes
1441 947 1550 1013 ejus
1569 945 1698 995 bene
1719 944 2030 1009 respondent
2049 944 2111 995 ad
2134 943 2290 1009 ipsam
2318 962 2408 1011 per
2434 962 2588 997 unum

451 1026 755 1095 principium
793 1030 982 1079 tantum
1008 1063 1023 1087 ‚
1058 1034 1112 1078 ut
1148 1044 1214 1078 ex
1262 1027 1610 1094 superioribus
1662 1025 1831 1093 colligi
1868 1032 2033 1092 potest
2068 1025 2130 1077 de
2165 1025 2306 1076 facili
2332 1049 2346 1076 ι
2384 1044 2507 1094 ergo
2543 1031 2593 1077 et

451 1108 567 1173 ipsa
604 1106 670 1158 ad
708 1108 874 1173 ipsum
914 1108 1211 1174 principium
1268 1116 1321 1160 et
1357 1109 1686 1167 uuiversum,
1735 1108 1842 1158 sive
1880 1106 1945 1157 ad
1992 1107 2100 1174 ejus
2138 1106 2462 1172 principem,
2500 1108 2591 1174 qui

452 1194 584 1239 Deus
621 1196 697 1240 est
734 1195 784 1238 et
817 1185 1120 1247 Monarcha‚
1155 1187 1456 1254 simpliciter
1493 1187 1625 1238 bene
1662 1186 1937 1254 respondet
1971 1202 2062 1253 per
2095 1202 2250 1236 unum
2283 1187 2587 1252 principium

451 1272 638 1321 tantum
660 1306 675 1329 ‚
704 1268 898 1321 scilicet
934 1269 1136 1319 unicum
1173 1269 1471 1337 principem.
1510 1273 1586 1320 Ex
1624 1285 1722 1336 quo
1758 1266 2023 1334 sequitur,
2047 1266 2392 1320 Monarchiam
2418 1285 2591 1321 neces·

454 1348 645 1401 sariam
685 1349 909 1410 mundo,
947 1356 1001 1402 ut
1036 1349 1170 1400 bene
1208 1350 1287 1402 sit.

1376 1593 1450 1639 CA
1459 1595 1490 1639 P
1499 1594 1573 1640 UT
1612 1595 1669 1640 X.

521 1754 583 1801 Et
620 1766 768 1801 omne
807 1751 931 1801 illud
970 1752 1101 1802 bene
1155 1768 1210 1801 se
1248 1751 1437 1811 habet,
1489 1758 1538 1802 et
1573 1751 1763 1817 optime
1787 1788 1802 1811 ,
1855 1750 1990 1815 quod
2026 1765 2079 1800 se
2114 1747 2270 1800 habet
2307 1750 2581 1800 secundum

452 1828 780 1880 intentionem
809 1829 959 1894 primi
986 1830 1198 1897 agentiS‚
1224 1830 1311 1895 qui
1342 1837 1472 1882 Deus
1499 1840 1587 1884 est.
1615 1837 1674 1883 Et
1693 1832 1788 1882 hoc
1816 1838 1888 1881 est
1917 1848 2008 1896 per
2035 1847 2089 1880 se
2113 1837 2307 1888 notum,
2334 1830 2431 1881 nisi
2455 1831 2587 1895 apud

455 1918 695 1977 negantes
723 1911 945 1962 divinam
974 1912 1251 1963 bonitatem
1290 1913 1532 1979 attingere
1572 1930 1821 1963 summum
1850 1911 2190 1977 perfectionis.
2214 1918 2287 1961 De
2314 1913 2587 1962 intentione

457 1992 543 2041 Dei
584 1998 682 2050 est,
722 1997 775 2041 ut
810 2007 960 2042 omne
998 1999 1225 2043 creatum
1264 1994 1484 2044 divinam
1524 1993 1899 2045 similitudinem
1943 1999 2305 2057 repraesentet,
2341 1993 2388 2041 in
2433 2008 2587 2057 quan-

458 2078 564 2121 tum
606 2073 810 2138 propria
847 2080 1023 2125 natura
1062 2073 1298 2141 recipere
1333 2081 1516 2140 potest.
1553 2082 1765 2142 Propter
1802 2074 1937 2141 quod
1964 2073 2154 2123 dictum
2195 2079 2300 2123 est:
2330 2076 2585 2122 Faciamus

456 2153 699 2201 hominem
737 2156 802 2201 ad
835 2157 1099 2214 imaginem
1136 2162 1180 2203 et
1213 2158 1584 2206 similitudinem
1619 2163 1856 2205 nostram.
1892 2154 2039 2215 Quod
2074 2153 2193 2204 licet
2228 2153 2290 2203 ad
2315 2153 2607 2220 imaginem·

459 2230 522 2281 de
563 2231 719 2281 rebus
755 2230 1089 2285 inferioribus
1127 2234 1192 2283 ab
1230 2234 1435 2286 homine
1472 2234 1571 2285 dici
1627 2251 1725 2286 non
1762 2235 1956 2300 possit;
1996 2234 2057 2284 ad
2096 2232 2481 2284 similitudinem
2521 2237 2593 2281 ta-

458 2326 575 2361 men
601 2311 663 2362 de
691 2312 924 2378 qualibet
961 2313 1059 2364 dici
1099 2321 1289 2379 potest:
1332 2319 1444 2364 cum
1483 2321 1639 2366 totum
1679 2317 1969 2367 universum
2007 2315 2133 2366 nihil
2169 2315 2302 2366 aliud
2331 2316 2417 2376 sit,
2442 2331 2591 2381 quam

456 2392 722 2460 vestigium
761 2394 1012 2459 quoddam
1051 2395 1249 2446 divinae
1289 2395 1543 2446 bonitatis.
1578 2401 1710 2462 Ergo
1748 2397 2025 2447 humanum
2064 2413 2221 2463 genus
2259 2397 2390 2448 bene
2423 2414 2476 2447 se
2503 2397 2591 2446 ha·-

457 2471 566 2533 het,
591 2479 643 2523 et
668 2474 871 2538 optime,
911 2475 1111 2540 quando
1138 2475 1413 2526 secundum
1453 2476 1586 2541 quod
1615 2482 1798 2542 potest,
1834 2483 1935 2529 Deo
1963 2476 2289 2529 assimilatur.
2315 2477 2411 2528 Sed
2432 2493 2591 2544 genus
2621 2542 2625 2545 Β

454 2550 727 2604 humanum
783 2554 1009 2604 maxime
1054 2560 1160 2605 Deo
1214 2555 1548 2615 assimilatur,
1601 2557 1802 2622 quando
1854 2558 2078 2609 maxime
2112 2562 2190 2609 est
2234 2573 2432 2615 unum;
2472 2572 2594 2606 vera

367 2653 371 2657 ’
459 2634 595 2685 enim
658 2635 785 2685 ratio
846 2636 995 2686 unius
1032 2635 1083 2686 in
1140 2635 1248 2686 solo
1293 2636 1382 2688 illo
1419 2643 1508 2687 est.
1546 2643 1757 2703 Propter
1809 2639 1945 2705 quod
2001 2639 2238 2705 scriptum
2277 2645 2390 2689 est:
2429 2637 2586 2695 Audi,

457 2720 692 2779 Isdrael3
729 2721 964 2768 Dominus
1000 2721 1130 2769 Deus
1158 2726 1270 2769 tuus
1305 2735 1431 2769 unus
1456 2727 1543 2769 est.
1581 2720 1681 2771 Sed
1720 2729 1836 2772 tunc
1873 2738 2032 2789 genus
2059 2721 2334 2772 humanum
2370 2718 2593 2770 maxime

458 2802 542 2849 est
566 2814 748 2858 unum,
775 2798 977 2864 quando
1000 2805 1158 2849 totum
1195 2799 1362 2849 unitur
1395 2798 1446 2849 in
1483 2816 1614 2850 uno:
1654 2801 1793 2867 quod
1830 2817 1941 2853 esse
1979 2817 2074 2851 non
2099 2806 2291 2867 potest,
2315 2799 2411 2849 nisi
2439 2815 2595 2866 quan-

459 2879 526 2930 do
561 2880 645 2931 uni
682 2879 898 2946 principi
936 2878 1159 2931 totaliter
1195 2881 1493 2950 subjaceat,
1536 2889 1591 2933 ut
1641 2884 1705 2934 de
1741 2899 1796 2933 se
1832 2888 1978 2948 patet.
2019 2890 2153 2950 Ergo
2199 2884 2472 2934 humanum
2511 2897 2595 2947 ge·
2673 2918 2678 2923 .

458 2976 555 3012 nus
590 2961 673 3011 uni
710 2959 921 3027 principi
957 2960 1226 3028 subjacens
1264 2961 1488 3012 maxime
1522 2967 1626 3014 Deo
1649 2963 1996 3014 assimilatur:
2036 2971 2086 3014 et
2126 2979 2216 3028 per
2251 2977 2596 3027 consequenS‚

458 3042 684 3092 maxime
712 3047 788 3092 est
810 3041 1087 3093 secundum
1127 3041 1347 3092 divinam
1388 3043 1754 3102 intentionem,
1791 3044 1925 3109 quod
1963 3050 2038 3095 est
2075 3045 2203 3094 bene
2240 3050 2292 3095 et
2323 3042 2513 3111 optime
2541 3059 2594 3094 se

458 3122 694 3185 habere3
731 3131 787 3176 ut
826 3123 877 3175 in
912 3122 1163 3191 principio
1198 3122 1351 3192 hujus
1389 3125 1607 3192 Capituli
1646 3127 1915 3193 probatum
1955 3135 2048 3178 est.

1363 3371 1560 3419 CAPUT
1597 3374 1683 3420 XI.

525 3532 651 3578 Item
689 3528 822 3579 bene
858 3543 914 3578 se
950 3526 1151 3586 habet,
1210 3534 1260 3579 et
1299 3528 1491 3594 optime
1543 3530 1706 3580 omnis
1759 3527 1936 3589 filius,
1978 3533 2090 3580 cnm
2130 3529 2339 3594 vestigia
2376 3524 2591 3592 perfecti

460 3609 658 3677 patris,
694 3609 744 3660 in
779 3617 1021 3675 quantum
1062 3609 1264 3676 propria
1300 3615 1474 3661 natura
1511 3610 1795 3677 permittit,
1831 3611 2083 3684 imitatur„
2113 3617 2395 3661 Humanum
2434 3621 2592 3674 genus
