2696 4230
447 195 508 239 (58
1092 206 1158 239 nr:
1197 195 1506 241 Memnonia
1543 196 1645 240 Lm.
1683 195 1744 250 II,
1779 194 1831 242 C.
1868 194 1930 239 X.

444 293 550 341 ciso
590 292 920 352 detraxerat,
960 292 1239 357 patuisset,
1278 293 1412 343 victo
1448 294 1606 343 victor
1641 294 1787 343 simul
1826 293 1981 344 vitam
2022 295 2367 356 condonasset,
2404 304 2452 349 et
2482 317 2568 367 pao

444 390 592 430 cem,
635 383 687 425 ut
725 376 902 425 ultima
942 373 1163 423 carmina
1200 374 1358 423 nostri
1394 380 1580 424 Poetae
1613 381 1879 425 testantur.
1920 377 2144 438 Cumque
2172 376 2270 426 duo
2295 382 2468 443 populi
2497 399 2562 431 ex

442 453 556 517 ipsa
593 455 810 520 Trojana
848 452 1018 503 radice
1055 452 1105 500 in
1142 453 1287 504 ltalia
1326 453 1735 520 germinassent,
1785 458 2037 502 Romanus
2075 455 2273 506 scilicet
2309 459 2522 523 populus
2551 496 2565 518 ,

442 542 493 584 et
528 535 790 589 Albanus;
829 541 981 599 atque
1021 534 1083 582 de
1124 535 1264 600 signo
1303 534 1542 599 aquilae,
1581 534 1747 600 deque
1785 533 2053 597 penatibus
2092 534 2186 584 diis
2212 537 2565 602 Trojanorum,

440 621 589 672 atque
628 611 866 678 dignitate
903 610 1218 677 principandi
1259 612 1408 679 longo
1445 620 1676 679 tempore
1711 614 1840 664 inter
1882 629 1935 661 se
1961 613 2290 679 disceptatum
2319 622 2476 677 esset3
2504 620 2567 670 ad

439 690 694 747 ultimum,
732 689 989 739 communi
1027 705 1234 742 assensu
1276 692 1515 758 partium,
1553 701 1759 758 propter
1791 694 2080 743 instantiam
2119 697 2522 760 cognoscendam
2552 736 2567 758 ,

439 788 529 834 per
554 777 656 819 tres
688 771 928 821 Horatios
968 770 1190 832 fratres,
1230 780 1279 824 et
1316 790 1406 838 per
1442 774 1654 825 totidem
1694 774 1939 825 Curiatios
1975 774 2158 825 fratres
2183 811 2197 833 ,
2234 775 2428 826 indein
2456 795 2569 828 con-

439 857 615 915 spectu
640 866 819 916 regum
848 857 897 901 et
920 852 1222 916 populorum
1262 853 1565 904 altrinsecus
1604 856 1980 919 expectantium
2008 857 2322 908 decertatum
2352 866 2453 909 est:
2480 860 2569 908 ubi

438 932 601 982 tribus
640 932 902 997 pugilibus
940 933 1253 985 Albanorum
1292 935 1607 1001 peremptiS,
1646 942 1985 987 Romanorum
2024 938 2256 999 duobus,
2292 938 2462 1003 palma
2498 942 2569 990 vi-

439 1013 629 1064 ctoriae
668 1014 762 1063 sub
798 1014 1017 1065 Hostilio
1055 1032 1174 1082 rege
1213 1019 1367 1068 cessit
1401 1018 1654 1069 Romanis.
1692 1023 1754 1066 Et
1780 1019 1875 1068 hoc
1902 1019 2169 1085 diligenter
2194 1019 2365 1070 Livius
2390 1021 2440 1070 in
2467 1022 2568 1086 pri·-

439 1100 520 1144 ma
559 1104 703 1160 parte
744 1096 1007 1154 contexit,
1046 1097 1127 1146 cui
1171 1099 1381 1150 Orosius
1419 1100 1571 1151 etiam
1610 1106 1941 1150 contestatur.
1966 1101 2157 1150 Deinde
2182 1118 2293 1151 cum
2322 1100 2569 1160 finitimis,

438 1175 575 1222 omni
606 1175 725 1241 jure
763 1174 892 1223 belli
931 1183 1169 1235 servato,
1207 1195 1321 1228 cum
1363 1179 1601 1238 Sabinis,
1639 1195 1756 1230 cum
1797 1181 2134 1241 Samnitibus,
2174 1182 2295 1232 licet
2332 1183 2382 1231 in
2408 1183 2572 1232 multi-

440 1254 614 1303 tudine
650 1252 1082 1318 disceptantium,
1120 1256 1214 1306 sub
1266 1256 1431 1309 forma
1482 1266 1648 1310 tamen
1700 1260 1894 1322 duelli,
1949 1263 2010 1312 de
2048 1263 2262 1327 imperio
2309 1263 2567 1313 decretum

440 1335 619 1395 fuisse,
656 1336 829 1386 Livius
864 1343 1072 1396 narrat3
1112 1338 1162 1388 in
1200 1357 1298 1405 quo
1337 1341 1542 1407 quidem
1583 1342 1733 1391 modo
1770 1344 2059 1394 decertandi
2100 1362 2215 1395 cum
2241 1345 2570 1403 Samnitibus,

438 1417 548 1466 fere
571 1421 838 1465 Fortunam
877 1417 898 1483 (
926 1424 980 1471 ut
1019 1419 1229 1486 dicam)
1265 1422 1488 1487 incoepti
1523 1424 1786 1488 poenituit.
1812 1429 1875 1475 Et
1905 1424 1998 1475 hoc
2019 1430 2249 1476 Lucanus
2272 1426 2323 1476 in
2350 1424 2571 1477 secundo

441 1498 503 1547 ad
542 1497 837 1563 exemplum
877 1498 947 1547 sic
986 1499 1223 1550 reducit:

715 1579 810 1626 Aut
847 1580 1043 1630 Collina
1078 1587 1196 1631 tulit
1230 1592 1416 1633 stratas
1453 1591 1569 1648 quot
1600 1594 1744 1646 porta
1779 1594 2023 1645 catere-(18,

714 1662 846 1707 Tunc
882 1666 993 1711 cum
1030 1668 1146 1724 pene
1182 1673 1324 1725 caput
1359 1670 1533 1714 mundi
1568 1682 1823 1729 rerumque
1853 1675 2065 1727 poteslas

710 1743 929 1791 Mutavit
966 1748 1210 1792 translata
1246 1750 1434 1805 locum,
1471 1749 1784 1808 Romanaque
1822 1750 2018 1797 Samnis

719 1811 859 1859 Ultra
895 1814 1139 1861 Caudinas
1173 1819 1422 1874 superavit
1457 1822 1666 1866 vulnera
1700 1819 1881 1877 furca&

438 1892 711 1953 Postquam
750 1892 870 1938 vero
911 1890 1154 1940 Italorum
1190 1892 1353 1960 litigia
1389 1895 1564 1946 sedata
1599 1895 1830 1955 fuerunt,
1885 1900 1934 1944 et
1983 1911 2099 1943 cum
2153 1895 2395 1958 GraeciS,
2434 1914 2574 1947 cum-

438 1984 539 2033 que
576 1968 760 2020 Poenis
799 1970 1020 2020 nondum
1061 1988 1151 2037 pro
1190 1972 1359 2025 divino
1389 1976 1582 2042 judicio
1622 1984 1873 2028 certatum
1914 1982 2078 2032 esset,
2116 1977 2167 2026 id
2196 1975 2469 2041 imperium
2498 1979 2576 2028 in·

438 2049 763 2101 tendentibus
800 2050 907 2102 illis
943 2059 992 2103 et
1026 2055 1170 2115 istis,
1207 2056 1442 2107 Fabricio
1479 2073 1571 2122 pro
1608 2057 1882 2118 Romanis,
1941 2057 2137 2127 Pyrrho
2193 2075 2283 2123 pro
2323 2060 2534 2110 Graecis
2557 2096 2573 2119 ,

438 2131 502 2180 de
538 2131 744 2197 imperii
787 2131 949 2200 gloria
987 2134 1037 2183 in
1076 2135 1287 2186 militiae
1326 2136 1645 2204 multitudine
1700 2139 2099 2197 decertantibuS,
2136 2144 2295 2189 Roma
2333 2138 2568 2191 obtinuit.

439 2211 676 2277 Scipione
703 2217 825 2264 vero
862 2231 953 2279 pro
991 2216 1163 2276 Italis,
1199 2217 1480 2268 Hannibale
1516 2234 1607 2283 pro
1642 2218 1893 2270 Africanis
1918 2221 1967 2269 in
1995 2219 2160 2270 forma
2184 2220 2340 2271 duelli
2375 2221 2572 2273 bellum

439 2291 740 2355 gerentibus
762 2329 777 2351 ,
814 2293 951 2344 Italis
987 2292 1098 2344 Asri
1134 2297 1544 2355 succubuerunt3
1586 2298 1715 2347 sicut
1742 2298 1909 2348 Livius
1935 2306 1985 2350 et
2013 2315 2187 2348 omnes
2212 2305 2466 2350 Romanae
2494 2302 2572 2352 rei

444 2368 723 2434 scriptores
760 2370 1024 2423 testificari
1060 2382 1315 2424 conantur.
1353 2375 1472 2434 Quis
1506 2375 1660 2442 igitur
1695 2391 1826 2426 nunc
1852 2376 1979 2426 adeo
2017 2376 2200 2426 mentis
2233 2378 2443 2427 obtusae
2481 2384 2576 2437 est,

445 2449 532 2513 qui
592 2466 687 2500 non
747 2450 951 2510 videat,
1014 2453 1108 2503 sub
1139 2455 1256 2520 jure
1296 2453 1454 2505 duelli
1495 2455 1771 2522 gloriosum
1819 2455 2062 2522 populum
2118 2472 2353 2507 coronam
2414 2458 2571 2508 totius

448 2530 591 2580 orbis
630 2546 744 2581 esse
782 2531 1076 2583 lucratum?
1112 2539 1243 2592 Vere
1292 2536 1457 2601 potuit
1506 2535 1678 2588 dicere
1727 2538 1804 2588 vir
1852 2544 2134 2596 Romnum,
2174 2538 2310 2602 quod
2360 2542 2572 2604 Aposto-

441 2609 522 2660 lus
560 2610 621 2660 ad
659 2612 1020 2665 Timotheum:
1070 2619 1296 2678 Repo-sita
1333 2625 1402 2666 est
1437 2621 1565 2667 mihi
1618 2634 1797 2668 corona
1843 2625 2098 2681 Juslitiae:
2140 2621 2356 2685 reposita
2385 2656 2399 2678 ,
2437 2620 2571 2669 scili-

443 2700 551 2752 cet,
589 2694 639 2743 in
682 2696 769 2745 Dei
818 2697 1135 2761 providentia
1172 2703 1388 2750 aeterna.
1451 2699 1665 2750 Videant
1699 2717 1832 2750 nunc
1873 2701 2085 2768 juristae
2131 2701 2570 2766 praesumptuosi,

440 2782 685 2841 quantum
722 2777 853 2828 infra
906 2780 1002 2831 sint
1041 2783 1104 2832 ab
1143 2781 1229 2832 illa
1286 2781 1490 2848 specula
1548 2782 1758 2832 rationis
1783 2820 1798 2842 ,
1834 2782 1966 2832 unde
2002 2782 2216 2833 humana
2256 2799 2399 2832 mens
2443 2782 2570 2833 haec

442 2856 696 2921 principia
757 2859 1084 2924 speculatur,
1145 2869 1195 2911 et
1253 2861 1470 2922 sileant,
1528 2863 1801 2913 secundnm
1862 2879 2063 2913 sensum
2122 2862 2250 2928 legis
2310 2862 2574 2912 consilium

443 2945 493 2988 et
522 2937 772 3005 judicium
813 2938 1060 2991 exhibere
1098 2942 1332 2991 contenti.
1371 2948 1433 2993 Et
1462 2944 1569 3011 jam
1605 2943 1930 2993 manifestum
1974 2949 2083 3002 est,
2119 2943 2253 3008 quod
2300 2960 2391 3009 per
2427 2943 2573 2992 duel·

440 3014 549 3066 lum
589 3023 841 3068 Romanus
878 3019 1095 3085 populus
1145 3021 1415 3086 acquisivit
1447 3024 1749 3087 imperium:
1813 3039 1934 3088 ergo
1975 3023 2036 3072 de
2093 3023 2208 3090 jure
2268 3023 2572 3089 acquisivit3

443 3098 580 3162 quod
620 3106 693 3149 est
729 3099 1010 3165 principale
1048 3101 1360 3167 propositum
1402 3104 1449 3152 in
1484 3104 1619 3154 libro
1658 3103 1925 3168 praesenti.
1963 3108 2238 3168 Hucusque
2286 3108 2422 3168 patet
2463 3119 2574 3167 pro-

442 3181 663 3244 positum
688 3218 703 3240 ,
742 3199 831 3247 per
868 3184 1089 3234 rationes
1128 3201 1257 3249 quae
1296 3185 1567 3251 plurimum
1606 3184 1943 3236 rationalibus
1967 3185 2230 3252 principiis
2262 3185 2571 3242 innituntur3

441 3261 532 3311 sed
569 3260 809 3327 deinceps
847 3279 913 3313 ex
966 3264 1225 3331 principiis
1273 3263 1394 3315 fidei
1448 3265 1756 3315 christianae
1808 3266 1991 3316 iterum
2029 3264 2439 3332 patefaciendum
2485 3271 2572 3315 est.

440 3341 662 3391 Maxime
702 3343 835 3392 enim
876 3344 1229 3405 fremuerunt,
1264 3354 1313 3397 et
1347 3347 1514 3396 inania
1568 3347 1801 3397 meditati
1843 3354 1954 3397 sunt
1988 3347 2036 3396 in
2073 3353 2352 3397 Romanum
2394 3346 2572 3412 princi-

441 3430 647 3489 patum,
686 3425 769 3488 qui
808 3423 1062 3475 zelatores
1097 3426 1220 3477 fidei
1269 3427 1567 3478 christianae
1605 3445 1657 3477 se
1696 3428 1902 3486 dicunt;
1938 3445 2031 3477 nec
2070 3429 2309 3478 miserere
2326 3430 2427 3479 'eos
2451 3443 2572 3492 pau-

444 3506 620 3568 perum
657 3503 891 3564 Christi,
933 3506 1116 3568 quibus
1171 3523 1270 3556 non
1323 3506 1486 3557 solum
1526 3506 1845 3558 defraudatio
1893 3506 1951 3558 fit
1996 3507 2044 3556 in
2085 3508 2414 3558 ecclesiarum
2455 3523 2568 3571 pro-

442 3585 709 3645 ventibus,
747 3586 975 3650 quinimo
1016 3588 1319 3653 patrimonia
1359 3589 1465 3653 ipsa
1504 3588 1728 3654 quotidie
1769 3590 2072 3655 rapiuntur3
2115 3598 2165 3639 et
2204 3591 2572 3655 depauperatur

442 3667 704 3728 Ecclesia,
743 3668 861 3719 dum
900 3668 1188 3721 simulando
1238 3670 1486 3737 justitiam
1511 3706 1527 3728 ‚
1578 3676 1950 3735 exequutorem
1998 3671 2224 3739 justitiae
2260 3687 2359 3721 non
2394 3670 2571 3722 admit-
