2696 4230
409 248 508 296 102
1021 257 1090 294 DE
1127 246 1440 296 MoNAncmA
1476 251 1581 297 Lm.
1620 252 1713 308 ΙΙΙ,
1753 249 1801 299 C.
1841 254 1925 299 XI.

406 362 586 398 omnes
624 347 713 413 qui
750 347 956 398 fuerunt
991 351 1336 396 Romanorum
1373 352 1716 412 Imperatores
1755 355 1871 414 post
1906 347 2091 413 ipsum,
2133 354 2184 400 et
2221 349 2347 415 ipse,
2393 355 2553 408 advo.

407 429 505 478 cati
543 429 807 479 Ecclesiae
849 433 980 486 sunt,
1018 433 1070 476 et
1107 427 1295 477 debent
1332 428 1397 477 ab
1442 429 1671 479 Ecclesia
1707 429 1963 479 advocari.
2011 435 2088 480 Ex
2126 448 2226 496 quo
2266 433 2419 482 ctiam
2471 452 2551 487 se-

408 516 652 574 queretur
687 508 774 556 illa
813 505 1173 571 dependentia,
1212 521 1363 570 quam
1403 507 1709 558 concludere
1746 510 1938 559 volunt.
1964 514 2025 559 Et
2052 511 2113 559 ad
2147 511 2245 562 hoc
2268 511 2548 580 infringen-

407 589 526 638 dum
568 589 701 645 dico,
740 588 878 652 quod
916 587 1039 637 nibil
1078 587 1289 645 dicuut3
1328 588 1592 653 usurpatio
1634 590 1764 639 enim
1798 591 1931 657 juris
1970 606 2068 639 non
2108 593 2230 641 facit
2263 593 2363 659 jus.
2415 599 2545 645 Nam

409 669 448 716 si
489 669 579 725 sic,
619 667 800 717 eodem
841 668 996 717 modo
1035 667 1306 717 auctoritas
1342 668 1607 720 Ecclesiae
1644 670 1949 733 probaretur
1989 671 2279 736 dependere
2325 674 2391 722 ab
2445 681 2546 723 Im-

407 753 672 809 peratore3
710 752 981 811 postquam
1024 745 1175 796 Ottho
1212 751 1495 812 Imperator
1536 751 1754 796 Leonem
1810 755 1994 813 Papam
2037 752 2298 811 restituit,
2350 760 2400 803 et
2451 756 2550 804 Be-

403 825 662 875 nedictum
705 825 954 891 deposuit,
993 842 1087 876 nec
1123 840 1220 877 non
1256 827 1307 876 in
1347 826 1561 877 exilium
1605 829 1655 877 in
1695 830 1958 879 Saxoniam
1998 831 2162 882 duxit.

1315 1328 1512 1376 CAPUT
1555 1329 1635 1374 XI.

470 1558 685 1609 Ratione
721 1560 843 1609 vero
888 1559 959 1609 sic
999 1564 1227 1627 arguunt.
1271 1564 1485 1612 Sumunt
1522 1561 1713 1611 etenim
1755 1560 1849 1612 sibi
1890 1560 2198 1628 principium
2240 1562 2303 1612 de
2351 1562 2550 1614 decimo

400 1643 587 1702 primae
613 1641 982 1700 Philosophiae„
1009 1640 1267 1691 dicentes:
1296 1642 1498 1699 Omnia,
1526 1657 1655 1706 quae
1685 1647 1794 1691 sunt
1818 1643 1962 1691 unius
1991 1643 2212 1709 generiS,
2241 1643 2553 1693 reducuntur

404 1719 467 1768 ad
507 1734 698 1776 unum,
737 1719 872 1781 quod
912 1725 987 1768 est
1025 1735 1262 1770 mensura
1306 1720 1533 1771 omnium
1592 1737 1723 1786 quae
1772 1722 1863 1770 sub
1901 1721 1992 1771 illo
2045 1738 2232 1788 genere
2281 1728 2410 1772 sunt.
2451 1724 2552 1774 Sed

400 1814 578 1849 omnes
616 1798 850 1847 homines
887 1805 1002 1849 sunt
1038 1800 1185 1850 unius
1225 1800 1468 1865 generis:
1510 1817 1631 1866 ergo
1673 1801 1864 1852 debent
1899 1802 2079 1852 reduci
2120 1802 2182 1853 ad
2221 1818 2400 1860 unum,
2438 1808 2553 1852 tan-

404 1893 556 1941 quam
601 1878 664 1927 ad
701 1893 992 1928 mensuram
1031 1879 1255 1929 omnium
1295 1895 1494 1929 eorum.
1532 1886 1596 1932 Et
1633 1885 1745 1929 cum
1787 1897 2012 1931 summus
2049 1882 2269 1933 Antistes
2307 1886 2359 1932 et
2385 1887 2551 1947 Impe-

398 1964 540 2009 rator
576 1958 674 2008 sint
714 1957 986 2019 homineS,
1024 1959 1064 2008 si
1103 1958 1366 2009 conclusio
1402 1959 1495 2008 illa
1532 1966 1610 2010 est
1645 1976 1790 2019 vera,
1821 1969 2024 2026 oportet
2058 1962 2195 2028 quod
2240 1961 2552 2012 reducantur

406 2038 468 2088 ad
509 2055 661 2088 unum
700 2038 980 2090 hominem.
1019 2044 1083 2091 Et
1120 2043 1232 2088 cum
1263 2045 1396 2105 Papa
1434 2055 1533 2088 non
1572 2040 1638 2090 sit
1677 2041 2001 2091 reducendus
2038 2042 2100 2092 ad
2141 2042 2344 2100 alium„
2397 2041 2553 2093 relin-

407 2117 580 2183 quitur
605 2155 621 2177 ,
656 2118 793 2184 quod
834 2125 1124 2185 Imperator
1150 2153 1166 2177 ,
1203 2133 1317 2167 cum
1356 2118 1591 2168 omnibus
1629 2118 1779 2179 aliiS,
1819 2119 1884 2169 sit
1923 2119 2248 2170 reducendus
2275 2121 2337 2171 ad
2365 2120 2554 2187 ipsum,

394 2205 663 2263 tamquam
704 2198 768 2248 ad
808 2214 1105 2249 mensuram
1144 2204 1195 2247 et
1233 2197 1498 2263 regulam3
1540 2204 1756 2263 propter
1785 2199 1921 2264 quod
1950 2198 2184 2265 sequitur
2228 2200 2386 2253 etiam
2411 2200 2554 2250 idem

398 2277 536 2340 quod
574 2276 766 2327 volunt.
804 2277 881 2326 Ad
919 2276 1049 2327 hanc
1088 2276 1334 2326 rationem
1375 2275 1692 2337 solvendam,
1730 2277 1864 2337 dicu,
1903 2279 2040 2344 quod
2076 2282 2188 2328 cum
2215 2279 2414 2329 dicunt:
2455 2285 2551 2338 Ea,

398 2373 529 2422 quae
567 2362 684 2407 sunt
720 2357 868 2406 unius
907 2356 1143 2422 generiS,
1182 2361 1382 2420 oportet
1419 2355 1533 2405 duci
1573 2356 1637 2405 ad
1676 2355 1889 2421 aliquod
1926 2373 2079 2406 unum
2120 2357 2183 2406 de
2214 2357 2308 2408 illo
2337 2373 2553 2424 genere,

398 2436 535 2500 quod
574 2442 652 2487 est
689 2442 908 2487 metrum
937 2437 985 2486 in
1021 2437 1170 2501 ipso;
1210 2451 1393 2487 verum
1435 2435 1620 2485 dicunt.
1658 2438 1721 2485 Et
1759 2434 1996 2487 similiter
2031 2451 2209 2485 verum
2251 2437 2446 2496 dicunt,
2474 2438 2550 2488 di-

395 2519 612 2573 centeS,
653 2515 788 2581 quod
826 2532 1006 2566 omnes
1047 2515 1282 2564 homines
1326 2519 1444 2564 sunt
1496 2513 1642 2562 unius
1697 2514 1918 2579 generis.
1971 2518 2034 2563 Et
2082 2514 2314 2564 similiter
2367 2532 2547 2567 verum

397 2594 748 2653 concludunt,
786 2611 901 2646 curn
938 2593 1166 2644 inferunt
1202 2610 1268 2643 ex
1306 2593 1420 2651 his,
1460 2607 1641 2641 omnes
1679 2590 1924 2642 homines
1962 2607 2078 2642 esse
2119 2593 2443 2645 reducendos
2490 2596 2554 2646 ad

396 2692 551 2725 unum
596 2684 822 2729 metrum
858 2677 909 2726 in
948 2692 1039 2726 suo
1077 2690 1281 2740 genere.
1320 2672 1422 2723 Sed
1461 2676 1573 2723 cum
1616 2687 1684 2720 ex
1719 2672 1816 2722 hac
1855 2672 2180 2724 conclusione
2223 2674 2552 2726 subinferunt

400 2757 466 2805 de
502 2760 636 2822 Papa
674 2761 723 2806 et
758 2761 1096 2821 Imperatore,
1132 2751 1377 2803 falluntur
1414 2752 1692 2801 secundum
1733 2751 1987 2801 accidens.
2026 2753 2102 2801 Ad
2153 2753 2295 2820 cujus
2346 2753 2553 2803 eviden-

397 2837 520 2886 tiam
563 2836 861 2896 sciendum,
901 2836 1034 2900 quod
1076 2835 1210 2884 aliud
1252 2839 1329 2884 est
1368 2849 1485 2882 esse
1522 2833 1815 2891 hominem,
1859 2840 1909 2883 et
1936 2833 2078 2883 aliud
2105 2840 2182 2884 est
2210 2850 2317 2884 esse
2346 2841 2552 2899 Papam.

397 2920 460 2966 Et
499 2915 682 2966 eodem
723 2917 896 2975 modu,
935 2915 1075 2965 aliud
1115 2921 1191 2965 est
1230 2930 1341 2964 esse
1382 2913 1667 2971 hominem,
1694 2912 1834 2962 aliud
1861 2929 1972 2962 esse
2000 2917 2388 2977 Imperatorem,
2420 2913 2554 2964 sicut

399 2996 541 3046 aliud
581 3012 695 3046 esse
735 2995 996 3045 hominem
1027 3031 1041 3054 ,
1078 2994 1213 3045 aliud
1253 3010 1365 3043 esse
1404 2998 1603 3057 patrem
1645 2996 1694 3040 et
1732 2990 2033 3040 dominum:
2071 2990 2226 3041 homo
2286 2991 2424 3039 enim
2475 2998 2554 3044 est

397 3076 469 3134 id,
508 3077 641 3141 quod
682 3082 761 3126 est
799 3092 889 3141 per
928 3074 1150 3124 formam
1191 3072 1600 3131 substantialem,
1641 3086 1729 3135 per
1773 3086 1926 3134 quam
1971 3071 2180 3120 sortitur
2217 3070 2446 3134 speciem
2500 3078 2554 3122 et

400 3170 557 3220 genus
578 3192 592 3214 ,
630 3160 680 3206 et
714 3171 807 3220 per
844 3171 997 3220 quam
1036 3153 1300 3218 reponitur
1327 3152 1422 3202 sub
1451 3150 1862 3216 praedicamento
1890 3148 2221 3198 substantiae.
2246 3153 2398 3198 Pater
2426 3152 2548 3198 vero

401 3243 478 3286 est
516 3236 601 3294 id,
640 3236 776 3300 quod
815 3243 893 3286 est
926 3250 1017 3301 per
1056 3233 1277 3284 formam
1318 3230 1709 3289 accidentalem,
1750 3246 1882 3295 quae
1921 3235 1998 3279 est
2034 3229 2237 3288 relati0,
2275 3243 2369 3294 per
2400 3245 2552 3295 quam

399 3316 609 3370 sortitur
647 3317 874 3380 speciem
915 3315 1172 3381 quandam
1212 3320 1263 3364 et
1299 3329 1458 3381 genus
1482 3349 1497 3370 ‚
1535 3318 1585 3362 et
1623 3312 1889 3376 reponitur
1929 3311 2023 3361 sub
2062 3326 2252 3378 genere
2288 3311 2353 3360 ad
2390 3311 2551 3369 aliud,

405 3396 511 3448 sive
549 3394 828 3445 relationis.
867 3395 1027 3445 Aliter
1066 3394 1239 3445 omnia
1277 3392 1656 3442 reducerentur
1694 3389 1756 3439 ad
1795 3389 2264 3454 praedicamentum
2318 3388 2551 3439 substan-

400 3477 539 3534 tiae,
579 3479 692 3525 cum
730 3473 872 3524 nulla
908 3473 1076 3522 forma
1113 3472 1446 3524 accidentalis
1483 3488 1574 3537 per
1611 3486 1665 3520 se
1718 3469 1999 3528 subsistat,
2037 3469 2232 3533 absque
2284 3468 2550 3537 hypostasi

400 3555 715 3606 substantiae
755 3552 1118 3604 subsistentis:
1160 3552 1297 3617 quod
1335 3557 1412 3601 est
1447 3551 1655 3600 falsum.
1696 3553 1817 3599 Cum
1861 3564 1984 3613 crgo
2023 3553 2157 3613 Papa
2199 3554 2248 3598 et
2273 3554 2557 3613 Imperator

407 3634 503 3683 sint
539 3634 588 3682 id
616 3670 631 3692 ,
669 3633 805 3699 quod
863 3638 980 3682 sunt
1018 3647 1109 3695 per
1145 3630 1392 3695 quasdam
1434 3629 1745 3685 relationes;
1784 3627 1906 3693 quia
1946 3643 2036 3693 per
2071 3633 2314 3692 Papatum
2366 3632 2415 3676 et
2461 3642 2555 3691 per

402 3714 757 3780 Imperiatum,
795 3730 926 3780 quae
968 3710 1244 3764 relationes
1283 3716 1418 3769 sunt,
1458 3709 1619 3761 altera
1654 3708 1750 3761 sub
1790 3708 1988 3759 ambitu
2039 3707 2371 3775 paternitatiS,
2411 3712 2459 3757 ct
2487 3706 2560 3755 al-
