2696 4230
387 189 452 236 12
902 198 970 234 nn
1005 186 1316 235 MONARCHIA
1353 187 1454 232 Lm.
1492 185 1531 241 Ι,
1565 184 1619 233 C.
1654 186 1719 232 v1
1759 195 1826 230 ET
1864 185 1971 231 VII.

386 287 526 355 quod
561 286 848 355 pastoribus
885 287 949 338 de
984 303 1181 337 sursum
1223 285 1425 344 sonuit,
1459 300 1560 335 non
1607 282 1841 343 divitiae,
1885 298 1988 333 non
2030 284 2314 350 voluptates
2338 328 2353 351 ‚
2405 308 2503 345 non

385 370 605 419 honores
629 406 645 428 ,
682 384 777 418 nec
814 366 1071 433 longitudo
1106 367 1242 417 vitae
1269 402 1286 425 ,
1325 381 1422 415 non
1461 364 1645 415 sanitas
1668 398 1684 422 ,
1720 378 1820 412 non
1856 363 2052 425 robur,
2089 380 2187 415 non
2223 367 2504 431 pulchritu-

386 452 487 510 (103
526 449 615 501 sed
654 464 769 513 pax.
806 447 976 511 Inquit
1012 445 1145 496 enim
1183 445 1416 496 coelestis
1456 444 1633 494 militia
1658 463 1671 490 ι
1711 444 1882 493 Gloria
1913 448 1968 494 in
2002 449 2261 496 altissimis
2295 447 2348 514 a)
2386 453 2505 510 DeO,

387 539 433 580 et
469 535 523 578 in
560 539 691 578 terra
719 544 825 590 pax
860 528 1135 575 hominibus
1172 528 1325 575 bonae
1362 526 1653 574 voluntatis.
1691 523 1818 573 Hinc
1845 529 1897 574 et
1922 527 2034 573 Pax
2066 529 2217 584 vobis,
2244 526 2390 577 Salus
2417 526 2507 578 ho-

387 612 578 660 minum
617 607 886 659 salutabat.
922 605 1148 656 Decebat
1180 604 1311 655 enim
1347 619 1600 653 summum
1638 603 1950 655 Salvatorem
1975 640 1992 665 ,
2031 622 2281 657 summam
2323 606 2512 658 saluta-

385 692 576 744 tionem
617 689 667 755 b)
704 686 1014 753 exprimere.
1051 691 1212 745 Quem
1250 684 1461 750 quidem*
1487 701 1682 735 morem
1720 701 1928 737 servare
1967 686 2238 739 voluerunt
2274 687 2513 755 Discipuli

386 773 530 838 ejus,
577 775 627 821 et
671 769 859 822 Paulus
908 766 961 818 in
1010 765 1400 818 salutationibus
1441 765 1586 826 suiS‚
1637 773 1689 817 ut
1735 767 1975 818 omnibus
2017 768 2346 822 manifestum
2402 784 2513 821 esse

386 855 570 916 potest.

1277 1009 1496 1059 CAPUT.
1532 1013 1615 1059 VI.

453 1179 531 1226 Ex
569 1173 633 1223 iis
669 1189 790 1240 ergo
826 1187 957 1238 quae
993 1170 1253 1221 declarata
1289 1174 1435 1228 sunt,
1472 1175 1648 1235 patet,
1686 1186 1778 1238 per
1816 1173 1952 1238 quod
2001 1173 2185 1225 melius
2209 1210 2224 1235 ‚
2265 1174 2368 1224 imo
2412 1189 2508 1241 per

390 1255 523 1320 quod
565 1253 753 1319 optime
794 1268 949 1321 genus
984 1251 1260 1302 humanum
1295 1250 1532 1317 pertingit
1568 1250 1632 1301 ad
1667 1268 1795 1318 opus
1831 1253 2111 1319 proprium.
2150 1258 2213 1305 Et
2254 1269 2348 1319 per
2394 1270 2514 1305 con-

391 1350 609 1400 sequens
644 1333 813 1384 visum
852 1341 931 1384 est
968 1330 1448 1398 propinquissimum
1487 1330 1712 1382 medium
1737 1367 1753 1391 ,
1791 1348 1881 1398 per
1929 1332 2065 1399 quod
2100 1333 2201 1385 itur
2246 1333 2297 1383 in
2349 1334 2514 1394 illud,

391 1418 456 1468 ad
494 1416 630 1483 quod
665 1415 804 1467 velut
836 1415 890 1465 in
924 1413 1156 1465 ultimum
1194 1412 1350 1462 finem
1377 1411 1546 1462 omnia
1571 1430 1727 1479 opera
1750 1420 1919 1464 nostra
1943 1416 2261 1466 ordinantur:
2288 1416 2406 1483 quia
2429 1424 2509 1469 est

394 1516 495 1565 pax
529 1497 832 1548 universalis
851 1533 866 1556 ,
900 1511 1030 1562 quae
1068 1510 1161 1561 pro
1185 1491 1431 1560 principio
1456 1493 1705 1544 rationum
1731 1496 2154 1562 subsequentium
2182 1504 2512 1563 supponatur3

394 1580 530 1647 quod
570 1585 680 1630 erat
715 1576 1089 1634 necessarium,
1125 1580 1180 1625 ut
1214 1574 1401 1626 dictum
1439 1570 1574 1632 fuit,
1622 1573 1704 1625 vel
1741 1579 1794 1625 ut
1834 1574 2034 1641 signum
2086 1575 2369 1641 praefixum
2395 1614 2410 1636 ,
2459 1577 2513 1627 in

392 1660 526 1725 quod
562 1658 803 1727 quicquid
837 1655 1157 1725 probandum
1193 1661 1286 1714 est,
1324 1653 1604 1706 resolvatur
1628 1690 1644 1714 ‚
1681 1659 1918 1723 tanquam
1957 1656 2006 1705 in
2044 1655 2516 1709 manifestissimam

389 1742 667 1794 veritatem.

1275 1899 1475 1948 CAPUT
1517 1902 1624 1948 VII.

455 2066 733 2111 Resumens
765 2057 919 2126 igitur
956 2056 1095 2124 quod
1133 2071 1160 2106 a
1199 2054 1449 2123 principio
1486 2055 1772 2117 dicebatur,
1807 2058 1906 2110 tria
1944 2058 2169 2109 maxime
2207 2057 2521 2119 dubitantur,

392 2149 444 2192 et
482 2141 706 2191 dubitata
744 2144 1056 2206 quaeruntur
1092 2138 1227 2190 circa
1257 2138 1606 2190 Monarchiam
1629 2139 1991 2205 temporalem,
2017 2154 2148 2206 quae
2174 2139 2519 2190 communiori

391 2222 643 2274 vocabulo
677 2227 995 2288 nuncupatur
1027 2220 1319 2285 Imperium:
1356 2226 1406 2271 et
1441 2220 1503 2271 de
1538 2219 1620 2280 iis,
1656 2225 1713 2270 ut
1735 2219 2054 2285 praedictum
2083 2226 2178 2279 est,
2201 2221 2518 2288 propositum

396 2311 474 2355 est
510 2303 605 2355 sub
644 2303 892 2369 assignato
929 2301 1182 2369 principio
1219 2299 1597 2367 inquisitionem
1635 2299 1806 2353 facere
1854 2302 2127 2353 secundum
2163 2302 2271 2370 jam
2327 2309 2518 2355 tactum

394 2386 645 2437 ordinem.
682 2390 861 2450 Itaque
898 2383 1067 2450 prima
1103 2381 1334 2449 quaestio
1369 2381 1461 2432 sit:
1499 2387 1670 2434 Utrum
1710 2383 1772 2433 ad
1821 2383 1951 2433 bene
1996 2398 2106 2432 esse
2149 2382 2364 2441 mundi,
2410 2387 2522 2434 Mo·

395 2467 605 2517 narchia
641 2464 942 2532 temporalis
977 2462 1267 2515 necessaria
1303 2462 1381 2514 sit.
1401 2468 1511 2515 Hoc
1558 2463 1797 2529 equidem
1826 2498 1841 2522 ,
1890 2461 2030 2513 nulla
2081 2462 2132 2513 vi
2182 2463 2388 2515 rationis
2439 2462 2523 2517 vel

394 2548 707 2600 auctoritatis
743 2547 1014 2604 obstante,
1051 2544 1329 2611 potissimis
1365 2548 1416 2594 et
1453 2543 1811 2609 patentissimis
1853 2544 2164 2611 argumentis
2211 2545 2406 2596 ostendi
2434 2562 2521 2611 po-

392 2635 526 2687 test3
565 2643 780 2692 quorum
818 2628 1039 2694 primum
1082 2626 1147 2676 ab
1186 2623 1478 2675 auctoritate
1516 2623 1805 2689 Philosophi
1843 2630 2131 2676 assumatur
2166 2624 2231 2675 de
2258 2625 2362 2675 suis
2386 2628 2523 2675 Poli-

395 2712 523 2756 licis.
560 2707 748 2758 Asserit
785 2706 921 2758 enim
975 2706 1048 2756 ibi
1085 2704 1395 2755 venerabilis
1433 2702 1545 2769 ejus
1580 2701 1889 2762 auctoritas,
1928 2702 2065 2769 quod
2109 2702 2314 2769 quando
2350 2703 2523 2769 aliqua

397 2790 543 2858 plura
582 2789 880 2841 ordinantur
917 2788 980 2839 ad
1015 2803 1167 2838 unum
1192 2823 1206 2845 ,
1243 2791 1446 2853 oportet
1485 2802 1642 2836 unum
1682 2801 1858 2836 eorum
1896 2783 2125 2852 regulare
2164 2798 2256 2834 seu
2305 2799 2523 2851 regere,

397 2873 498 2925 alia
537 2875 655 2922 vero
689 2870 912 2938 regulari
947 2887 1036 2921 seu
1074 2869 1202 2936 regi.
1238 2869 1386 2930 Quod
1422 2868 1628 2935 quidem
1665 2883 1763 2918 non
1802 2865 1962 2918 solum
1991 2863 2271 2933 gloriosum
2301 2864 2525 2917 auctoris

393 2968 581 3005 nomen
617 2952 740 3003 facit
777 2967 887 3002 esse
932 2950 1278 3011 credendum,
1315 2950 1403 3001 sed
1437 2950 1567 3002 ratio
1606 2950 1825 3001 ductiva.
1863 2947 1914 2999 Si
1952 2947 2088 2998 enim
2139 2945 2526 2998 consideremus

399 3050 557 3084 unum
595 3031 853 3084 bominem
878 3066 895 3091 ,
931 3029 1027 3081 hoc
1060 3030 1111 3080 in
1150 3045 1213 3080 eo
1250 3030 1541 3098 contingere
1577 3030 1905 3080 videbimus:
1942 3028 2062 3095 quia
2098 3042 2212 3078 cum
2249 3042 2427 3077 omnes
2449 3026 2527 3076 vi-

399 3131 486 3165 res
523 3114 633 3180 ejus
669 3111 962 3162 ordinantur
997 3110 1060 3160 ad
1108 3108 1438 3170 felicitatem,
1472 3111 1549 3163 vis
1582 3111 1691 3175 ipsa
1726 3107 2081 3162 intellectualis
2129 3114 2206 3159 est
2243 3106 2524 3174 regulati-ix

401 3200 452 3245 et
488 3192 682 3244 rectrix
717 3191 944 3242 omnium
984 3188 1240 3250 aliarum,
1278 3188 1428 3242 aliter
1465 3191 1528 3241 ad
1556 3189 1855 3242 felicitatem
1906 3190 2178 3256 pervenire
2216 3205 2316 3239 non
2344 3193 2525 3255 potest.

401 3276 451 3328 Si
487 3273 873 3325 consideremus
908 3288 1059 3323 unam
1098 3273 1337 3335 domum,
1374 3273 1517 3341 cujus
1554 3271 1667 3323 finis
1705 3279 1821 3334 est,
1858 3272 2171 3324 domesticos
2207 3271 2269 3322 ad
2295 3272 2427 3322 bene
2454 3269 2527 3320 vi-

397 3353 616 3405 vendum
653 3368 996 3418 praeparare,
1039 3370 1192 3404 unum
1240 3360 1444 3420 oportet
1479 3368 1589 3404 esse
1641 3353 1728 3418 qui
1772 3352 2001 3421 regulet,
2047 3360 2100 3405 et
2147 3356 2322 3419 regat,
2373 3364 2523 3415 quem

402 3433 573 3483 dicunt
608 3431 1059 3499 patremfamilias,
1098 3438 1183 3483 aut
1219 3432 1330 3500 ejus
1368 3432 1535 3483 locum
1575 3438 1829 3483 tenentem
1856 3469 1871 3492 ‚
1900 3432 2049 3499 juxta
2087 3430 2334 3483 dicentem
2360 3427 2526 3481 Philo-

404 3512 655 3579 sophum:
695 3513 865 3563 Omnis
902 3518 1070 3563 domus
1107 3517 1295 3577 reyitur
1329 3527 1361 3562 a
1395 3516 1664 3563 senissimo.
1705 3517 1768 3564 Et
1804 3510 1985 3578 hujuS,
2022 3516 2076 3562 ut
2124 3509 2192 3562 ait
2234 3515 2521 3568 HomeruS‚

462 3683 507 3739 a)
540 3686 588 3730 C.
619 3688 731 3731 Ven.
759 3689 807 3730 in
833 3688 1027 3732 eoecelse‘s.
1543 3682 1584 3735 b)
1616 3684 1664 3728 C.
1695 3684 1804 3728 Ven.
1833 3685 2033 3728 salutem.
