2696 4230
438 209 506 257 48
1088 221 1155 255 DE
1195 208 1511 256 MoNAncmA
1545 208 1649 255 Lm.
1690 210 1757 263 11,
1795 208 1849 255 C.
1887 210 1946 257 V.

1363 465 1571 515 CAPUT
1606 468 1665 514 V.

505 704 836 771 Quicunnque
874 707 1143 770 praeterea
1182 701 1373 753 bonum
1396 703 1733 769 Reipublicae
1758 700 1999 761 intendit,
2024 700 2181 753 finem
2203 700 2333 769 juris
2358 700 2589 753 intendit.

437 786 691 851 Quodque
717 786 785 836 ita
823 791 1088 851 sequatur,
1123 782 1197 834 sic
1234 783 1536 835 ostenditur:
1571 788 1663 834 Jus
1701 787 1779 832 est
1815 780 1972 832 realis
2011 788 2063 834 et
2101 781 2396 847 personalis
2425 781 2593 831 homi-

435 864 515 914 nis
553 864 618 914 ad
652 863 915 914 hominem
955 861 1255 928 proportio;
1294 877 1427 928 quae
1454 866 1672 921 servata,
1696 859 1965 910 hominum
2003 867 2167 912 servat
2203 859 2521 919 societatem,
2547 865 2598 911 et

438 950 682 1009 corrupta
717 942 1016 1008 corrumpit.
1052 946 1180 993 Nam
1219 941 1311 991 illa
1348 941 1673 1009 Digestorum
1701 940 1998 1006 descriptio,
2026 957 2124 991 non
2150 940 2279 991 dicit
2303 941 2443 1004 quod
2471 939 2596 1006 quid

437 1027 515 1074 est
534 1021 702 1090 juris3
728 1021 820 1072 sed
845 1019 1095 1072 describit
1118 1020 1247 1070 illud
1274 1035 1366 1085 per
1401 1020 1632 1071 notitiam
1669 1020 1840 1070 utendi
1875 1019 1983 1071 illo.
2022 1020 2071 1071 Si
2096 1036 2216 1085 ergo
2242 1017 2474 1069 deffinitio
2497 1019 2598 1070 ista

436 1102 571 1153 bene
619 1101 743 1168 quid
793 1106 887 1162 est,
928 1108 979 1152 et
1016 1115 1176 1167 quare
1216 1105 1268 1166 a)
1310 1100 1740 1166 comprehendit3
1777 1108 1829 1153 et
1864 1100 2137 1168 cujuslibet
2175 1099 2433 1150 societatis
2482 1098 2597 1150 finis

437 1190 519 1235 est
544 1198 814 1234 commune
841 1182 1099 1234 sociorum
1127 1182 1349 1232 bonum:
1392 1197 1601 1232 necesse
1639 1187 1735 1240 est,
1762 1179 1917 1230 finem
1957 1182 2204 1249 cujusque
2234 1180 2366 1248 juris
2404 1181 2595 1230 honum

443 1279 717 1315 commune
738 1279 871 1323 esse3
890 1267 942 1314 et
965 1262 1285 1329 impossibile
1311 1269 1390 1314 est
1410 1263 1496 1331 jus
1522 1278 1655 1320 esse,
1677 1262 1868 1311 bonum
1890 1276 2161 1312 commune
2189 1276 2285 1310 non
2308 1260 2593 1310 intendens.

436 1349 654 1409 Propter
676 1342 815 1407 quod
841 1343 973 1394 bene
1000 1341 1200 1392 Tullius
1220 1342 1268 1391 in
1294 1342 1461 1407 prima
1486 1343 1774 1390 Rhetorica:
1803 1342 2018 1402 Semper,
2038 1340 2217 1405 inquit,
2243 1345 2308 1390 ad
2323 1344 2595 1390 utilitatem

348 1414 350 1416 ’
437 1425 745 1483 Reipublicae
765 1426 889 1482 leqes
911 1424 1307 1482 interpretandae
1343 1430 1477 1469 sunt.
1511 1420 1656 1479 Quod
1682 1420 1721 1468 si
1748 1419 1811 1469 ad
1847 1419 2120 1470 utilitatem
2159 1434 2359 1478 eorum,
2385 1418 2472 1483 qui
2499 1418 2595 1468 sub

435 1501 571 1568 lege,
603 1499 743 1568 leges
768 1501 992 1552 directae
1030 1515 1130 1550 non
1167 1503 1304 1558 sunt,
1328 1499 1469 1566 leges
1495 1499 1698 1550 nomine
1726 1499 1835 1550 solo
1861 1505 1989 1560 sunt,
2014 1516 2070 1549 re
2096 1505 2269 1550 autem
2306 1498 2447 1564 leges
2481 1514 2596 1549 esse

436 1597 540 1632 non
586 1586 814 1647 possunt.
837 1585 1002 1646 Leges
1038 1578 1171 1629 enim
1210 1585 1415 1643 oportet
1452 1579 1683 1630 homines
1719 1579 1981 1630 devincire
2018 1580 2082 1629 ad
2105 1579 2345 1637 invicem,
2384 1584 2597 1643 propter

438 1677 766 1712 communem
804 1661 1092 1712 utilitatem.
1127 1664 1342 1724 Propter
1368 1657 1503 1725 quod
1532 1659 1661 1708 bene
1689 1665 1876 1710 Seneca
1902 1660 1966 1709 de
1990 1660 2127 1726 lege,
2154 1663 2270 1710 cum
2294 1659 2343 1708 in
2369 1658 2505 1709 libro
2526 1658 2590 1708 de

437 1747 652 1807 quatuor
668 1739 965 1797 virtutibus,
985 1762 1000 1782 ιι
1021 1744 1212 1804 Legem
1230 1737 1490 1787 vinculum
1508 1739 1632 1790 dicit
1649 1738 1902 1790 humanae
1923 1740 2183 1791 societatis
2205 1764 2240 1789 υ.
2260 1744 2401 1791 Patet
2420 1738 2594 1804 igitur,

437 1818 578 1887 quod
614 1818 904 1884 quicunque
941 1816 1133 1867 bonum
1170 1815 1499 1881 Reipublicae
1536 1818 1768 1878 intendit,
1806 1817 1959 1867 finem
1982 1819 2117 1886 juris
2139 1818 2368 1869 intendit.
2391 1818 2438 1868 Si
2470 1833 2597 1883 ergo

436 1899 652 1951 Romani
689 1899 883 1949 bonum
919 1895 1251 1962 Reipublicae
1286 1897 1647 1957 intenderunt,
1683 1914 1862 1948 verum
1902 1899 2001 1949 erit
2037 1899 2232 1956 dicere,
2273 1896 2426 1947 finem
2469 1897 2599 1965 juris

437 1979 735 2033 intendisse.
775 1977 920 2039 Quod
957 1981 1126 2027 autem
1163 1980 1418 2027 Romanus
1454 1976 1671 2042 populus
1717 1976 1905 2027 bonum
1953 1975 2236 2042 praefatum
2277 1975 2593 2034 intenderit,

446 2058 773 2127 subijciendo
800 2057 903 2108 sibi
927 2056 1106 2107 orbem
1128 2058 1403 2114 terrarum,
1428 2060 1569 2122 gesta
1597 2069 1686 2105 sua
1712 2053 1994 2106 declarant.
2031 2061 2088 2113 In
2117 2054 2324 2121 quibuS,
2349 2054 2485 2105 omni
2509 2070 2599 2103 cu-

435 2142 656 2209 piditate
691 2144 912 2196 remota,
951 2152 1082 2203 quae
1117 2136 1449 2201 Reipublicae
1488 2152 1692 2201 semper
1731 2152 1911 2186 aversa
1947 2143 2069 2196 est,
2115 2142 2166 2186 et
2214 2134 2494 2186 universali
2541 2134 2595 2201 b)

440 2237 567 2287 pace
605 2236 723 2272 cum
758 2219 1000 2272 libertate
1038 2216 1258 2277 dilecta,
1298 2215 1513 2280 populus
1551 2215 1642 2266 ille
1682 2221 1905 2275 sanctuS‚
1944 2216 2057 2281 pius
2094 2222 2146 2266 et
2181 2213 2451 2281 gloriosuS,
2476 2230 2594 2278 pro·

439 2300 553 2368 pria
591 2299 865 2352 commoda
900 2295 1188 2364 neglexisse
1227 2294 1427 2345 videtur
1452 2331 1469 2354 ,
1504 2300 1560 2344 ut
1595 2294 1798 2360 publica
1833 2310 1925 2358 pro
1965 2294 2129 2345 salute
2165 2293 2371 2343 humani
2394 2294 2597 2359 generis

439 2384 757 2448 procuraret.
795 2378 933 2430 Unde
971 2378 1109 2427 recte
1146 2374 1276 2424 illud
1314 2373 1560 2439 scriptum
1601 2379 1709 2423 est:
1745 2376 2021 2422 Romanum
2056 2377 2328 2433 Imperium
2365 2379 2421 2421 de
2463 2374 2595 2434 fonte

438 2464 666 2509 nascitur
703 2462 921 2519 pietatis.
958 2454 1059 2507 Sed
1097 2452 1220 2519 quia
1257 2453 1321 2503 de
1357 2451 1637 2502 intentione
1675 2452 1905 2501 omnium
1944 2468 2011 2501 ex
2036 2451 2292 2501 electione
2315 2450 2595 2516 agentium,

437 2538 569 2588 nihil
605 2535 935 2587 manifestum
975 2538 1050 2583 est
1087 2539 1238 2583 extra
1272 2530 1637 2590 intendentem,
1674 2530 1767 2579 nisi
1809 2546 1901 2595 per
1934 2530 2079 2594 signa
2116 2529 2398 2587 exteriora:
2422 2534 2473 2578 et
2493 2545 2598 2579 ser-

441 2634 622 2670 mones
657 2614 946 2682 inquirendi
984 2618 1098 2665 sunt
1133 2612 1411 2663 secundum
1439 2613 1723 2680 subjectam
1759 2611 2040 2669 materiam,
2064 2615 2119 2660 ut
2139 2611 2245 2678 jam
2277 2609 2467 2660 dictum
2497 2616 2594 2660 est:

439 2700 564 2753 satis
598 2700 650 2749 in
687 2698 788 2748 hoc
827 2696 941 2746 loco
979 2694 1310 2753 habebimus,
1348 2693 1392 2746 si
1432 2694 1497 2744 de
1534 2693 1809 2744 intentione
1846 2693 2021 2759 populi
2047 2691 2259 2744 Romani
2285 2691 2424 2756 signa
2450 2690 2597 2739 indu-

441 2778 684 2829 bitabilia
719 2782 823 2827 tam
850 2774 900 2823 in
929 2772 1179 2840 collegiiS,
1215 2776 1366 2838 quam
1403 2771 1455 2822 in
1492 2770 1835 2839 singularibus
1873 2772 2102 2837 personis
2136 2769 2477 2821 ostendantur.
2520 2773 2596 2819 De

441 2857 678 2923 collegiis
717 2855 947 2920 quidem,
984 2853 1172 2918 quibus
1212 2851 1448 2903 homines
1485 2852 1549 2902 ad
1586 2851 1964 2918 rempublicam
2003 2849 2385 2918 quodammodo
2412 2847 2463 2916 e)
2514 2864 2594 2897 re-

438 2936 579 3003 ligati
617 2951 732 2987 esse
763 2936 881 3003 jure
919 2933 1127 2992 debent,
1164 2931 1346 2982 sufficit
1380 2930 1472 3000 illa
1508 2929 1616 2981 sola
1652 2929 1914 2981 Ciceronis
1957 2929 2235 2982 auctoritas
2270 2928 2326 2978 in
2371 2926 2596 2977 secundo

442 3023 498 3066 de
523 3016 730 3078 Officiis:
776 3036 791 3055 «ι
815 3010 1091 3072 Quamdiu,
1115 3008 1300 3073 inquit,
1337 3009 1623 3075 Imperium
1662 3008 1985 3074 reipublicae
2019 3006 2285 3059 beneficiis
2307 3005 2599 3064 tenebatur,

451 3121 468 3140 α
500 3111 599 3145 non
639 3092 862 3161 injuriis,
900 3091 1041 3141 bella
1076 3094 1161 3140 aut
1197 3106 1289 3155 pro
1326 3089 1480 3141 sociis
1515 3095 1604 3140 aut
1647 3105 1737 3154 pro
1775 3089 2000 3154 Imperio
2036 3087 2381 3156 gerebantur.-
2430 3085 2601 3136 exitus

449 3200 467 3218 α
500 3179 642 3224 erant
676 3172 935 3223 bellorum
974 3175 1060 3221 aut
1095 3168 1264 3228 miteS,
1302 3175 1390 3221 aut
1427 3168 1742 3220 necessarii:
1782 3185 1982 3235 regum,
2032 3168 2359 3234 populorum,
2410 3170 2460 3216 et
2511 3179 2600 3214 na-

452 3277 468 3296 ·
497 3252 691 3303 tionum
728 3257 904 3317 portus
940 3254 1048 3302 erat
1088 3255 1139 3301 et
1174 3245 1458 3315 refugium,
1495 3251 1732 3298 Senatus:
1769 3247 1928 3299 nostri
1967 3253 2138 3299 autem
2167 3250 2219 3298 et
2251 3243 2602 3311 Magistratus,

504 3455 551 3509 a)
586 3455 694 3498 Cod.
729 3455 840 3496 Ven.
872 3456 990 3507 quia.
1613 3452 1656 3508 c)
1688 3453 1761 3497 Sic
1793 3452 1841 3496 C-
1872 3452 2014 3503 Ven.‚·
2048 3451 2091 3491 in
2120 3450 2237 3502 vulg.
2273 3449 2475 3502 quodam.

506 3512 547 3565 b)
581 3512 690 3555 Cod.
725 3511 830 3555 Ven.
864 3512 976 3554 utili.
