2696 4230
348 239 443 284 110
958 247 1025 280 DE
1064 236 1377 282 MoNAncmA
1414 236 1515 280 Lm.
1556 235 1642 288 III,
1677 234 1727 279 C.
1765 235 1894 280 XIV.

345 350 474 397 quac
511 340 566 384 de
606 337 897 393 simpliciter
931 335 1069 380 Eate.
1119 331 1216 380 Sed
1251 336 1481 389 constat,
1522 330 1653 393 quod
1693 331 1732 378 si
1766 328 2006 379 'Ecclesia
2044 328 2139 378 sibi
2167 328 2306 380 dedit
2342 327 2481 384 illam

343 413 609 469 virtutem,
648 427 743 459 uon
785 409 1008 457 habebat
1043 408 1185 457 illam
1228 409 1522 473 priusquam
1564 410 1709 458 daret
1750 408 1890 466 sibi,
1926 414 1978 458 et
2015 408 2085 457 sic
2124 409 2349 459 dedisset
2387 411 2485 461 sibi

348 492 486 556 quod
527 507 623 539 non
663 489 920 537 habebat:
960 487 1096 552 quod
1138 493 1214 536 est
1249 487 1588 551 impossibile.
1642 488 1785 548 Quod
1824 491 1946 535 vero
1999 487 2063 535 ab
2105 487 2278 551 aliquo
2314 493 2482 551 Impe-

344 579 515 621 ratore
554 586 650 617 non
691 568 980 630 receperit,
1021 583 1112 631 per
1150 583 1210 616 ea
1250 581 1381 632 quae
1419 569 1654 631 superius
1690 565 1967 616 manifesta
2005 572 2141 625 sunt,
2177 572 2317 630 patet
2354 565 2487 616 suffi-

346 652 553 700 cienter.
603 652 663 695 Et
701 648 837 709 quod
878 646 1031 695 etiam
1071 661 1281 694 assensu
1322 646 1551 715 omnium
1591 647 1673 696 vel
1721 645 2117 710 praevalentium
2158 661 2254 694 non
2294 644 2487 693 habue-

346 730 428 787 rit,
467 728 582 792 quis
620 726 864 776 dubitat?
900 730 1011 775 cum
1051 741 1146 775 non
1188 726 1339 775 modo
1378 725 1551 775 Asiani
1593 731 1642 774 et
1677 723 1902 774 Africani
1940 739 2137 782 omneS,
2174 723 2292 788 quin
2332 724 2505 773 etiam‘

344 807 518 872 major·
544 820 663 870 pars
699 809 953 868 Europam
994 802 1274 853 colentium
1333 803 1428 854 hoe
1487 802 1806 852 abhorreat?
1843 803 2123 854 Fastidium
2163 802 2350 853 etenim
2392 809 2488 862 est,

346 886 401 935 in
439 885 595 936 rebus
635 882 1061 934 manifestissimis
1099 882 1431 948 probationes
1468 882 1746 933 adducere.

1229 1129 1429 1177 CAPUT
1468 1130 1600 1177 XIV.

419 1293 590 1338 Item:
631 1290 761 1340 illud
802 1289 938 1355 quod
980 1293 1058 1339 est
1095 1292 1269 1337 contra
1321 1291 1553 1338 naturam
1595 1287 1849 1355 alicujus,
1903 1303 2000 1338 non
2042 1292 2119 1337 est
2169 1285 2231 1336 de
2270 1303 2484 1337 numero

349 1384 557 1416 suarum
598 1370 878 1426 virtutum,
917 1372 1026 1417 cum
1069 1367 1276 1417 virtutes
1314 1368 1714 1434 uniuscujusque
1743 1367 1811 1416 rei
1846 1372 2219 1432 consequantur
2257 1373 2487 1417 naturam

350 1448 484 1513 ejus,
524 1453 730 1511 propter
768 1446 886 1495 finis
924 1446 1269 1510 adeptionem.
1312 1447 1406 1495 Sed
1446 1447 1608 1496 virtus
1647 1446 1995 1496 authorizandi
2035 1462 2246 1511 regnum
2286 1451 2490 1495 nostrae

350 1528 688 1586 mortalitatis,
727 1534 805 1577 est
843 1533 1020 1576 contra
1058 1531 1286 1576 naturam
1327 1527 1619 1576 Ecclesiae:
1662 1543 1783 1592 ergo
1810 1542 1905 1575 non
1931 1531 2008 1576 est
2047 1526 2110 1575 de
2136 1542 2350 1575 numero
2386 1526 2485 1574 vir-

348 1611 510 1655 tutum
551 1622 774 1655 suarum.
827 1606 902 1654 Ad
943 1604 1252 1654 evidentiam
1303 1613 1475 1654 autem
1514 1605 1763 1662 minoris,
1804 1604 2099 1662 sciendum,
2138 1604 2272 1670 quod
2310 1611 2491 1653 natura

347 1683 629 1740 Ecclesiae,
670 1683 836 1731 forma
877 1689 951 1732 est
988 1683 1263 1733 Ecclesiae.
1299 1689 1424 1734 Nam
1466 1684 1694 1749 quamvis
1731 1690 1909 1733 natura
1948 1683 2142 1732 dicatur
2173 1684 2236 1732 de
2277 1682 2493 1732 materia

350 1774 400 1814 et
439 1765 622 1822 forma,
660 1766 870 1828 propius
908 1771 1078 1813 tamen
1120 1765 1306 1813 dicitur
1345 1765 1405 1813 de
1431 1764 1626 1820 forma,
1664 1771 1718 1814 ut
1757 1770 2013 1814 ostensum
2056 1771 2129 1813 est
2167 1769 2220 1811 in
2258 1767 2496 1814 Naturali

349 1851 540 1894 auditu.
580 1852 761 1893 Forma
802 1851 970 1894 autem
1012 1844 1273 1894 Ecclesiae
1313 1844 1436 1894 nibil
1478 1845 1613 1894 aliud
1642 1852 1735 1903 est,
1775 1861 1926 1909 quam
1956 1845 2054 1894 vita
2082 1844 2271 1894 Christi
2310 1851 2410 1894 tam
2444 1844 2497 1892 in

349 1925 495 1974 dictis
534 1941 683 1988 quam
723 1925 773 1972 in
811 1924 960 1974 factis
1000 1923 1387 1988 comprehensa.
1426 1925 1535 1976 Vita
1575 1924 1707 1972 enim
1745 1923 1908 1988 ipsius
1955 1923 2066 1972 idea
2105 1921 2199 1972 fuit
2236 1929 2285 1971 et
2324 1938 2495 1972 exem·

348 2006 464 2069 plar
503 2005 769 2054 militantis
808 2004 1100 2061 Ecclesiae,
1139 2004 1435 2068 praesertim
1480 2010 1740 2069 pastorum
1768 2039 1782 2061 ,
1820 2003 2044 2052 maxime
2082 2002 2230 2069 hujus
2268 2003 2494 2061 summi,

350 2086 499 2151 cnjus
540 2085 762 2134 officinm
804 2092 879 2133 est
919 2099 1129 2148 pascere
1168 2100 1290 2132 oves
1328 2090 1376 2133 et
1413 2099 1584 2149 agnos.
1622 2084 1762 2133 Unde
1802 2083 1913 2147 ipse
1950 2084 2000 2131 in
2043 2088 2234 2133 Joanne
2272 2083 2494 2132 formam

350 2180 472 2211 snae
513 2164 641 2213 vitae
682 2164 974 2228 relinquens
1003 2180 1018 2206 .·
1056 2166 1389 2223 Eoeewplum,
1428 2164 1619 2228 inquit,
1658 2168 1770 2214 dedi
1805 2168 1970 2230 vobis„
1994 2174 2052 2214 ut
2088 2168 2496 2224 quemadmodum

350 2260 433 2304 eqo
472 2247 584 2304 feci,
623 2248 695 2292 ila
732 2250 775 2290 ct
813 2259 895 2291 cos
932 2244 1150 2302 facialis.
1190 2247 1248 2291 Et
1287 2242 1575 2305 specialiter
1613 2243 1675 2290 ad
1704 2247 1929 2300 Petrum,
1968 2250 2236 2307 postquam
2279 2242 2497 2306 pastoris

352 2323 578 2372 osticium
621 2322 717 2371 sibi
758 2322 1038 2378 commisit,
1078 2329 1130 2371 ut
1164 2323 1214 2371 in
1255 2323 1437 2372 eodem
1467 2322 1748 2371 habemus:
1790 2327 1952 2380 Petro,
1983 2322 2164 2388 inquit,
2188 2337 2382 2384 sequere
2409 2338 2498 2370 me.

356 2403 452 2450 Sed
492 2401 718 2451 Christus
756 2402 1047 2468 hujusmodi
1088 2402 1319 2466 regimen
1359 2417 1532 2449 coram
1573 2399 1733 2450 Pilato
1773 2401 2073 2465 abnegavit:
2126 2405 2382 2462 Regnum,
2423 2400 2498 2449 in-

357 2481 487 2546 quit,
523 2498 680 2530 ‘meum-
720 2497 818 2529 non
856 2488 927 2528 est
965 2485 1019 2528 de
1056 2482 1143 2529 hoc
1179 2487 1395 2538 mamm,
1435 2485 1480 2529 si
1516 2495 1576 2527 ‹3oe
1601 2481 1690 2528 hoc
1717 2486 1894 2527 viando
1935 2487 2053 2528 esset
2080 2493 2277 2539 regnam
2318 2495 2496 2538 meum,

356 2566 579 2610 ministri
615 2566 712 2610 mei
744 2566 908 2622 utique
947 2567 1265 2619 decertarent,
1302 2568 1358 2610 at
1393 2577 1490 2609 ‘non
1530 2565 1752 2609 traderer
1788 2563 2021 2618 Judaeis;
2059 2575 2189 2607 auno
2227 2567 2387 2609 autem
2426 2575 2500 2610 re·

356 2656 505 2700 ynam
544 2656 699 2688 meum
736 2655 835 2688 non
873 2649 943 2687 est
981 2644 1072 2687 hic.
1111 2639 1254 2696 Quod
1293 2655 1388 2687 non
1428 2639 1499 2689 sic
1526 2639 1909 2705 intelligendum
1952 2645 2044 2696 est,
2084 2655 2140 2687 ac
2175 2638 2214 2688 si
2252 2638 2498 2695 Christus,

363 2720 446 2783 qui
487 2725 618 2769 Deus
659 2726 750 2777 est,
790 2736 885 2768 non
927 2721 987 2768 sit
1023 2719 1258 2767 dominus
1295 2719 1451 2785 Regni
1482 2720 1674 2786 hujus,
1714 2724 1824 2769 cum
1854 2719 2121 2769 Psalmista
2161 2719 2325 2769 dicat:
2370 2722 2498 2777 Quo-

354 2803 495 2845 niam
533 2802 688 2858 ipsius
729 2806 799 2847 est
833 2812 1000 2856 ware,
1039 2805 1083 2845 et
1130 2801 1231 2857 ipse
1283 2800 1400 2859 fecit
1437 2803 1598 2857 illud,
1636 2805 1681 2847 et
1718 2803 1911 2848 aridam
1955 2802 2289 2861 fundaverunt
2326 2814 2500 2847 manus

354 2881 489 2938 eju33
530 2877 617 2926 sed
661 2877 799 2941 qnia,
837 2882 891 2924 ut
928 2876 1196 2939 exemplar
1234 2876 1516 2934 Ecclesiae,
1544 2893 1674 2940 qnae
1705 2879 1843 2943 regni
1882 2877 2029 2944 hujus
2067 2893 2240 2927 curam
2281 2894 2379 2927 non
2416 2877 2502 2927 ha-

354 2955 553 3014 hebat,
593 2955 729 3004 velut
768 2955 806 3003 si
847 2970 1058 3003 aureum
1116 2953 1337 3020 sigillum
1377 2955 1710 3021 loqueretur,
1762 2959 1826 3006 de
1879 2976 1933 3008 se
1972 2959 2182 3009 dicens:
2238 2961 2345 3008 Non
2396 2975 2503 3008 sum

354 3052 585 3084 mensu-ra
621 3040 675 3084 in
711 3040 879 3098 aliquo
918 3049 1117 3095 ywere,
1159 3036 1296 3101 quod
1336 3038 1544 3102 quidem
1603 3040 1791 3089 dictum
1846 3057 1943 3089 non
1997 3040 2157 3091 habet
2207 3039 2415 3098 locum,
2451 3041 2502 3088 in

359 3120 598 3178 quantum
639 3123 713 3166 est
750 3132 927 3165 aurum
954 3153 967 3173 ,
1006 3119 1119 3166 cum
1177 3115 1243 3166 sit
1295 3123 1511 3165 metrum
1568 3117 1618 3165 in
1658 3134 1845 3184 genere
1903 3118 2223 3168 metallorum
2253 3154 2268 3175 ,
2323 3119 2409 3167 sed
2449 3118 2498 3166 in

358 3197 602 3258 quantum
653 3201 727 3243 est
763 3195 1022 3257 quoddam
1065 3195 1260 3260 signum
1300 3195 1600 3260 receptibile
1654 3214 1744 3261 per
1798 3198 2211 3262 impressionem.
2265 3197 2499 3247 Formale

355 3272 514 3338 igitur
553 3279 629 3321 est
666 3273 928 3324 Ecclesiae
965 3274 1091 3323 illud
1147 3274 1286 3322 idem
1326 3273 1537 3333 dicere,
1584 3275 1713 3325 illud
1751 3276 1886 3326 idem
1925 3276 2133 3326 sentire.
2193 3276 2500 3340 Oppositum

359 3361 533 3403 autem
575 3352 751 3402 dicere
787 3355 872 3402 vel
912 3354 1099 3404 sentire
1123 3391 1136 3413 ,
1174 3354 1482 3405 contrarium
1530 3354 1769 3414 formae,
1805 3362 1856 3405 ut
1895 3364 2067 3422 patet,
2105 3357 2210 3406 sive
2248 3363 2498 3413 naturae3

359 3432 496 3498 quod
532 3432 670 3481 idem
712 3439 802 3482 est.
840 3437 918 3481 Ex
955 3450 1057 3496 quo
1094 3432 1367 3499 colligitur,
1405 3435 1539 3498 quod
1567 3434 1724 3484 virtus
1759 3435 2110 3485 autliorizandi
2154 3451 2362 3501 regnum
2402 3434 2499 3482 hoc

358 3514 425 3563 sit
464 3518 641 3562 contra
682 3520 915 3563 naturam
955 3512 1262 3561 Ecclesiae:
1302 3514 1639 3564 contrarietas
1678 3515 1812 3563 enim
1852 3514 1901 3564 in
1943 3513 2181 3579 opinione
2218 3514 2295 3564 vel
2335 3513 2502 3570 dicto,

360 3593 590 3656 sequitur
630 3610 695 3642 ex
732 3591 1111 3650 contrarietate,
1149 3606 1278 3656 quae
1307 3591 1456 3640 estin
1497 3607 1553 3641 re
1592 3592 1725 3644 dicta
1762 3593 1841 3646 vel
1882 3593 2119 3659 opinata,
2160 3592 2291 3643 sicut
2326 3606 2502 3642 verum
