2696 4230
425 204 487 248 18
939 213 1008 248 nr:
1043 203 1356 251 MoNARcmA
1391 203 1494 249 LlB.
1533 204 1574 259 I,
1615 202 1667 250 C.
1710 205 1804 251 XII
1843 216 1910 251 ET
1948 209 2080 255 XIII.

426 302 569 353 filius
597 308 674 353 est
698 302 849 361 coeli,
877 305 1010 368 quod
1047 310 1120 353 cst
1158 302 1587 368 perfectissimum
1627 305 1676 354 in
1715 307 1851 355 omni
1880 324 2038 373 opere
2063 324 2188 367 suo;
2216 321 2420 375 generat
2444 316 2577 366 enim

427 385 585 434 horno
622 385 884 435 bominem
914 391 961 433 ct
983 384 1078 441 sol,
1099 385 1249 449 juxta
1278 384 1559 433 secuudum
1589 384 1643 450 a)
1668 392 1723 435 de
1747 391 1974 437 naturali
2005 389 2209 438 Audita.
2237 395 2365 455 Ergo
2392 397 2579 459 optime

425 482 481 516 se
521 465 683 515 habet
720 465 1000 513 humanum
1040 479 1227 528 genus,
1265 480 1378 513 cum
1418 465 1632 531 vestigia
1670 467 1839 525 coeli,
1879 473 2116 533 quantum
2155 471 2360 535 propria
2396 482 2578 524 natura

424 546 713 610 permittit,
753 542 1001 594 imitatur.
1037 547 1099 592 Et
1136 558 1251 591 cum
1307 543 1511 592 coelum
1565 550 1725 594 totum
1777 546 1924 596 unico
1977 553 2153 607 motu,
2192 548 2387 598 scilicet
2423 552 2577 612 primi

425 624 650 679 mobilis,
681 628 730 670 et
755 622 902 670 unico
944 627 1164 679 molere,
1191 621 1275 685 qui
1303 628 1434 671 Deus
1459 628 1551 682 est,
1577 623 1838 689 reguletur
1864 625 1915 674 in
1941 625 2177 674 omnibus
2198 624 2296 674 suis
2327 626 2580 689 partibus,

424 702 648 750 motibus
688 707 740 751 et
779 700 1097 756 motoribus‚
1135 708 1191 751 ut
1228 695 1638 765 philosophando
1675 703 2056 753 evidentissime
2086 703 2301 752 bumana
2337 705 2467 755 ratio
2492 706 2579 755 de'-

422 780 735 844 prehendit,
775 780 815 829 si
856 796 978 829 vere
1017 780 1377 847 syllogizatum
1432 789 1542 837 est3
1595 780 1877 832 humanum
1933 798 2091 849 genus
2134 789 2253 832 tunc
2293 783 2485 848 optime
2525 802 2580 835 se

421 859 619 918 habet,
659 859 860 924 quando
899 860 964 911 ab
1017 860 1167 910 unico
1204 859 1430 923 principe
1484 866 1723 925 tanquam
1764 862 1828 910 ab
1865 860 2017 910 unico
2074 867 2304 919 motore,
2345 868 2394 911 et
2432 863 2582 914 unica

421 940 568 1005 lege,
608 947 871 1004 tamquam
909 941 974 990 ab
1014 941 1163 991 unico
1203 947 1376 999 motu,
1413 941 1464 989 in
1503 941 1605 990 suis
1643 942 1929 992 motoribus
1968 948 2018 992 et
2049 942 2270 991 motibus
2297 944 2577 1008 reguletur.

419 1024 637 1086 Propter
674 1022 812 1087 quod
852 1022 1199 1072 necessarium
1252 1028 1506 1086 apparet,
1544 1021 1607 1071 ad
1645 1021 1778 1072 bene
1816 1039 1930 1072 esse
1985 1022 2153 1072 mundi
2177 1057 2191 1079 ‚
2231 1023 2580 1073 Monarchiam

422 1114 538 1149 esse
561 1137 575 1156 „
601 1100 709 1150 sive
747 1099 946 1149 unicum
984 1099 1323 1164 principatum
1349 1136 1364 1159 ‚
1402 1100 1486 1165 qui
1525 1099 1797 1167 Imperium
1823 1101 2293 1168 appellatunHanc
2325 1102 2577 1153 rationem

423 1179 708 1244 suspirabat
747 1180 974 1238 Boetius.,
1013 1180 1222 1229 dicens:

848 1260 889 1308 O
927 1262 1052 1321 felioe
1089 1262 1345 1308 hominum
1383 1271 1551 1318 aomos,

839 1339 894 1388 Si
931 1348 1115 1390 vestros
1153 1344 1346 1389 animos
1385 1353 1559 1396 amor,

840 1421 943 1477 Quo
981 1423 1163 1469 coelum
1203 1423 1404 1481 regitur,
1444 1419 1600 1481 reyal!

1330 1582 1528 1629 CAPUT
1567 1584 1672 1630 XII.

559 1742 879 1805 Ubicumque
914 1743 1082 1806 potest
1135 1756 1249 1791 esse
1307 1738 1519 1805 litigium
1551 1778 1566 1800 ‚
1601 1740 1673 1791 ibi
1727 1741 1884 1791 debet
1935 1754 2048 1791 esse
2089 1738 2384 1806 judicium3
2431 1737 2580 1789 aliter

424 1828 559 1873 esset
608 1820 1015 1886 imperfectum,
1068 1822 1175 1872 sine
1223 1822 1434 1887 proprio
1484 1821 1711 1887 perfecto
1747 1824 1834 1885 b):
1890 1820 2028 1884 quod
2079 1827 2154 1871 est
2204 1819 2579 1885 impossibile,

424 1905 538 1949 cum
599 1908 733 1953 Deus
792 1909 844 1952 et
897 1906 1084 1951 Natura
1134 1903 1183 1950 in
1237 1902 1542 1953 necessariis
1605 1916 1702 1950 non
1756 1900 1973 1951 deficiat.
2034 1905 2173 1950 Inter
2223 1915 2409 1951 omnes
2454 1901 2583 1949 duos

417 1981 710 2047 principes,
750 1996 968 2044 quorum
1008 1979 1139 2031 alter
1175 1980 1322 2030 alteri
1379 1980 1586 2029 minime
1630 1978 1895 2046 subjectus
1935 1985 2049 2035 est,
2095 1985 2267 2044 potest
2323 1994 2436 2029 esse
2481 1977 2581 2027 liti-

421 2059 558 2125 gium
587 2095 603 2118 9
653 2059 730 2110 vel
786 2059 937 2124 culpa
989 2058 1257 2126 ipsorum,
1301 2057 1384 2109 vel
1424 2058 1782 2111 subditorum:
1822 2059 1961 2124 quod
2012 2059 2076 2109 de
2115 2075 2168 2108 se
2226 2063 2381 2124 patet.
2440 2062 2580 2122 Ergo

422 2140 556 2190 inter
595 2140 720 2190 tales
757 2146 959 2205 oportet
997 2155 1108 2189 esse
1142 2138 1410 2205 judicium.
1450 2143 1512 2189 Et
1551 2155 1667 2188 cum
1696 2139 1825 2189 alter
1853 2139 1919 2189 de
1946 2138 2109 2190 altero
2136 2152 2450 2205 cognoscere
2478 2150 2580 2186 non

422 2217 619 2282 possit,
658 2234 722 2266 ex
762 2234 863 2282 quo
901 2217 1030 2269 alter
1067 2217 1214 2268 alteri
1254 2232 1350 2267 non
1388 2216 1629 2267 subditur
1665 2217 1819 2285 (nam
1859 2231 1952 2282 par
1990 2218 2040 2267 in
2079 2232 2255 2283 parem
2294 2232 2392 2268 non
2420 2214 2582 2265 habet

418 2298 691 2362 imperium
714 2297 752 2364 );
793 2303 990 2362 oportet
1027 2313 1143 2348 esse
1180 2297 1386 2347 tertium
1418 2294 1798 2363 jurisdictionis
1836 2295 2124 2360 amplioris,
2163 2297 2247 2361 qui
2276 2295 2468 2345 ambitu
2497 2291 2579 2343 sui

413 2379 546 2446 juris
583 2377 838 2427 ambobus
874 2377 1210 2442 principetur.
1246 2382 1308 2427 Et
1342 2375 1426 2425 hic
1463 2376 1560 2426 erit
1598 2375 1910 2433 monarcha,
1950 2382 2036 2425 aut
2075 2391 2206 2425 non:
2247 2376 2289 2426 si
2330 2376 2438 2432 sic,
2486 2372 2571 2421 ba·

418 2459 571 2508 betur
607 2457 963 2523 propositum3
1003 2458 1042 2506 si
1082 2472 1215 2515 non,
1256 2456 1444 2506 iterum
1484 2452 1701 2505 habebit
1736 2453 1833 2504 sibi
1880 2454 2215 2520 coaequalem
2273 2460 2420 2504 extra
2471 2467 2578 2501 am-

418 2536 583 2586 bitum
623 2551 743 2586 suae
778 2536 1187 2603 jurisdictionis;
1229 2540 1346 2585 tunc
1382 2535 1565 2585 iterum
1600 2532 1921 2584 necessarius
1961 2534 2059 2583 erit
2102 2532 2279 2583 tertius
2317 2531 2465 2581 alius.
2514 2535 2579 2581 Et

418 2617 490 2666 sic
528 2621 613 2666 aut
649 2615 745 2665 erit
782 2630 1053 2680 processus
1087 2614 1140 2663 in
1175 2612 1464 2671 infinitum3
1504 2613 1640 2678 quod
1678 2630 1794 2665 esse
1830 2628 1933 2662 non
1971 2616 2170 2677 potest:
2203 2615 2288 2661 aut
2312 2609 2577 2675 oportebit

421 2695 663 2748 devenire
700 2694 763 2745 ad
792 2694 1022 2762 judicem
1057 2694 1281 2759 primum
1307 2698 1357 2742 et
1381 2708 1671 2754 summum,
1710 2694 1773 2744 de
1810 2694 1953 2760 cujus
1976 2690 2171 2758 judicio
2203 2697 2383 2740 cuncta
2410 2689 2574 2755 litigia

420 2775 732 2826 dirimantur
754 2810 770 2832 2
827 2775 934 2824 siVe
972 2773 1197 2823 mediate
1221 2808 1237 2830 ‚
1292 2772 1400 2822 sive
1434 2771 1771 2832 immediate3
1809 2778 1860 2824 et
1896 2771 1980 2821 hic
2018 2769 2114 2820 erit
2144 2770 2438 2827 Monarcha,
2465 2770 2575 2818 sive

419 2861 717 2921 Imperator.
755 2861 843 2907 Est
875 2855 1029 2921 igitur
1066 2852 1362 2905 Monarchia
1397 2853 1683 2904 necessaria
1720 2852 1929 2903 mundo,
1967 2856 2030 2902 Et
2074 2850 2205 2900 hanc
2232 2850 2478 2903 rationem
2504 2849 2574 2898 vi-

422 2938 577 2988 debat
614 2935 991 3002 Philosophus,
1028 2951 1144 2986 cum
1185 2934 1410 2986 dicebat:
1453 2937 1612 2988 Enlia
1648 2941 1824 2986 nolunt
1856 2938 1982 2985 male
2018 2938 2242 2998 disponi3
2272 2935 2458 2982 malum
2487 2946 2576 2979 au·

421 3026 532 3078 tem,
563 3020 831 3080 pluralitas
860 3020 1257 3079 principatuum:
1295 3030 1419 3068 unus
1459 3030 1570 3077 erqo
1601 3021 1844 3078 princeps.

1311 3178 1511 3226 CAPUT
1547 3180 1682 3226 XIII.

490 3343 786 3393 Praeterea,
806 3338 1026 3388 mundus
1049 3338 1244 3404 optime
1273 3337 1548 3401 dispositus
1575 3342 1668 3396 est,
1690 3340 1801 3388 cum
1822 3336 2019 3405 justitia
2037 3335 2089 3385 in
2109 3351 2170 3386 eo
2190 3333 2452 3401 potissima
2475 3335 2571 3389 θείς

422 3416 558 3466 unde
597 3417 841 3483 VirgiIius
873 3418 1230 3467 commendare
1259 3415 1437 3467 volens
1459 3415 1590 3465 illud
1614 3414 1897 3475 saeculum,
1925 3416 2059 3481 quod
2089 3431 2181 3465 suo
2210 3421 2437 3479 tempore
2463 3424 2570 3461 sur·

422 3512 542 3564 gere
568 3497 857 3554 videbatur,
892 3497 942 3545 in
984 3497 1089 3545 suis
1114 3496 1367 3546 Bucolicis
1391 3496 1659 3546 cantabat:

862 3581 975 3627 Jam
1012 3582 1135 3626 redit
1167 3585 1212 3625 et
1252 3579 1411 3637 Vtrae,
1437 3582 1633 3627 redeunt
1659 3580 1904 3628 Saturnia
1940 3590 2108 3636 reqna.

479 3714 525 3767 a)
557 3715 763 3768 Intelligc
785 3718 953 3760 librum.
977 3715 1027 3756 In
1051 3713 1163 3758 Cod.
1186 3715 1296 3759 ven.
1321 3715 1466 3758 Juoeta
1595 3713 1636 3768 b)
1670 3716 1778 3758 Cod.
1814 3716 1922 3759 Ven.
1951 3711 2194 3765 perfec-tivo.

424 3771 748 3824 Philosophum.
