2696 4230
1474 369 1540 450 E

1058 608 1387 656 BENEVOLO
1425 609 1632 664 ATQVE
1672 608 1949 657 ERVDI'I‘O

1327 767 1679 813 LECTGRI

1429 960 1583 967 -—---—-

510 1185 660 1271 Csim
698 1222 793 1271 viri
832 1223 1168 1290 undequaque
1207 1225 1473 1276 clarissimi
1511 1226 1682 1275 Dantis
1727 1225 1991 1291 Alligherii
2041 1226 2289 1278 florentini
2315 1263 2330 1286 ,
2382 1233 2568 1281 Poetae

440 1299 632 1359 eximii,
670 1301 963 1367 Philosophi
1004 1304 1306 1361 acutissimi,
1344 1313 1393 1355 et
1431 1306 1471 1354 si
1512 1306 1590 1355 vis
1628 1306 1782 1355 etiam
1820 1306 2083 1373 Theologi‚
2119 1324 2271 1374 opera
2310 1309 2478 1357 omnia
2515 1310 2565 1358 in

435 1386 586 1431 unum
627 1383 933 1450 colligendi,
973 1386 1206 1452 typisque
1258 1387 1529 1452 evulgandi
1567 1386 1835 1437 consilium
1871 1387 2181 1446 inierimus3
2223 1406 2284 1438 ne
2337 1390 2458 1454 quid
2497 1390 2562 1438 ab

439 1463 672 1523 eruditis,
711 1466 937 1531 tantique
974 1466 1204 1518 Auctoris
1239 1467 1477 1518 studiosis
1516 1468 1689 1532 expeti
1726 1474 2041 1532 superesset,
2080 1467 2266 1517 addere
2294 1468 2435 1517 illum
2477 1469 2565 1518 dc-

439 1544 693 1596 crevimus
717 1583 732 1607 ,
769 1565 919 1614 quem
959 1549 1094 1599 idem
1134 1548 1504 1600 celeberrimus
1549 1553 1699 1600 Poeta
1737 1554 1791 1599 de
1844 1551 2137 1600 Monarchz‘ci
2172 1549 2408 1600 libellum
2448 1567 2564 1600 con-

439 1625 658 1690 scripsit.
1313 1684 1321 1689 ,

506 1713 652 1759 Hunc
679 1747 694 1768 ‚
733 1710 822 1760 etsi
858 1728 957 1761 non
994 1712 1119 1764 adeo
1157 1712 1458 1777 expolitum,
1496 1713 1768 1779 genuinum
1804 1719 1975 1764 tamen
2013 1711 2198 1762 summi
2235 1711 2328 1760 viri
2363 1710 2554 1763 foetum

438 1789 642 1854 agnovit
681 1793 970 1841 Leonardus
1007 1792 1261 1853 Aretinus‚
1299 1794 1432 1845 vitae
1472 1794 1700 1860 ejusdem
1740 1793 1958 1859 scriptor
1995 1792 2445 1857 diligentissimus,
2482 1793 2566 1841 cui

439 1868 754 1934 quicumque
790 1870 839 1918 in
878 1870 1063 1922 litteris
1097 1888 1194 1921 non
1234 1873 1299 1923 sit
1334 1872 1576 1938 inhospes
1621 1872 1843 1923 libenter
1885 1871 2250 1936 adstipulatum
2288 1887 2453 1937 neque
2495 1871 2570 1921 illi

438 1949 621 2000 desunt
655 1950 842 2016 ingenii
881 1968 1095 2002 acumen
1134 1960 1286 2020 atque
1322 1954 1536 2003 eruditio
1575 1955 1645 2020 a).

507 2031 730 2096 Scriptus
768 2032 855 2082 ille
894 2034 1098 2099 quidem
1139 2035 1203 2084 ab
1241 2040 1459 2086 Auctore
1496 2035 1590 2086 fuit
1634 2035 1966 2085 contentionis
2020 2049 2194 2083 amore
2219 2069 2234 2091 ‚
2295 2032 2564 2097 studioque

439 2110 680 2176 partium,
719 2127 931 2177 quarum
973 2114 1197 2165 dissidiis
1234 2122 1537 2180 tempestate
1573 2114 1662 2166 illa
1699 2119 1827 2180 pene
1861 2121 1959 2166 tota
2001 2114 2343 2181 conflagrabat
2378 2114 2562 2172 Italia3

437 2191 590 2241 nimis
627 2191 840 2255 proinde
882 2194 1032 2245 modo
1073 2194 1233 2245 fervet
1268 2195 1316 2244 in
1356 2194 1651 2259 disputando
1677 2231 1692 2253 9
1733 2196 1882 2246 modo
1940 2195 2090 2244 etiam
2147 2200 2285 2246 aestu
2343 2193 2562 2261 quodam

436 2273 678 2338 abreptus
714 2290 743 2324 a
782 2276 991 2327 veritate
1029 2276 1274 2327 aberrat:
1314 2284 1363 2329 at
1400 2276 1538 2327 illius
1576 2293 1776 2328 errores
1812 2277 1908 2327 viri
1946 2276 2354 2344 gravissimijam
2393 2275 2568 2326 consuo

434 2360 603 2404 tarunt
639 2357 702 2416 b).

503 2440 653 2485 Juvat
690 2452 817 2485 nunc
855 2436 905 2486 in
944 2436 1234 2505 hujusmodi
1286 2438 1473 2503 scripto
1517 2436 1610 2487 viri
1655 2436 1908 2503 ingenium
1950 2452 2007 2485 ac
2046 2435 2328 2486 disserendi
2378 2437 2561 2506 stylum

437 2530 748 2580 agnoscere3
787 2534 880 2568 nec
915 2521 1069 2576 sane,
1107 2533 1269 2569 naevo
1307 2517 1427 2568 licet
1455 2517 1630 2584 aliquo
1670 2522 1867 2576 scatet,
1903 2530 1930 2564 a
1970 2514 2190 2565 cacteris
2228 2510 2413 2565 summi
2465 2520 2568 2566 Au-

436 2597 597 2646 ctoris
636 2599 877 2662 operibus
918 2599 1070 2648 debet
1104 2598 1312 2666 sejungi.

503 2682 603 2727 Nos
640 2684 817 2737 tuam,
853 2680 1106 2744 totiusque
1144 2679 1476 2729 litteratorum
1514 2676 1830 2742 reipublicae
1867 2677 2079 2743 gratiam
2118 2674 2332 2724 inituros
2367 2674 2564 2739 putavi-

437 2775 576 2818 mus,
617 2759 657 2811 si
701 2760 835 2810 hunc
872 2767 927 2811 cle
962 2762 1256 2812 Monarchict
1291 2760 1546 2818 libellum,
1584 2758 1705 2808 olim
1746 2775 1771 2808 a
1811 2758 2013 2809 Simone
2067 2755 2312 2807 Schardio
2367 2755 2417 2804 in
2473 2772 2562 2805 suo

436 2849 653 2893 tractatu
693 2850 748 2893 de
784 2847 1042 2905 Imperiali
1077 2846 1427 2894 Jurisdictione
1466 2840 1779 2908 Argentorati
1820 2855 1946 2889 anno
1987 2844 2115 2890 1609
2156 2837 2486 2903 publicatum,
2511 2836 2563 2886 in

441 2921 539 2972 hac
577 2926 742 2973 nostra
779 2921 1022 2988 locupleti
1059 2922 1284 2973 editione
1346 2921 1629 2972 desiderari
1682 2936 1780 2970 non
1836 2918 2166 2977 sivissemuS‚
2213 2923 2411 2967 auctum
2461 2932 2561 2967 non

439 3001 613 3067 paucis
649 3017 715 3050 ex
752 3001 1102 3067 antiquissimo
1140 3000 1410 3068 perinsigni
1450 3000 1634 3052 Codice
1668 2998 1982 3049 variantibus
2014 2997 2331 3049 lectionibus.

508 3087 743 3133 Nostrum
783 3083 847 3133 de
883 3090 933 3134 te
972 3082 1330 3133 benemerendi
1368 3082 1586 3132 studium
1625 3081 1774 3148 aequi
1814 3080 2036 3147 bonique
2062 3079 2315 3146 consulas,
2344 3078 2561 3147 coeptis-

436 3177 539 3226 que
576 3163 759 3214 nostris
797 3170 847 3215 et
878 3163 1213 3229 imposterum
1250 3162 1423 3213 faveas
1460 3162 1527 3230 c).

495 3301 541 3353 a)
572 3302 668 3342 Jam
702 3303 801 3343 ante
829 3305 1118 3345 Leonardum
1142 3303 1471 3352 adscripserant
1538 3301 1639 3341 simi
1678 3302 1722 3342 in
1768 3301 1931 3342 Pisano
1964 3297 2397 3342 Athenaeo-*Vide
2429 3273 2559 3348 supra

436 3359 551 3398 inter
582 3356 816 3407 Alligherii
850 3369 984 3408 opera
1017 3362 1257 3400 tractatum
1282 3362 1332 3400 de
1371 3361 1470 3401 Mo·
1536 3358 1634 3399 Litt.
1668 3358 1718 3406 C,
1750 3368 1843 3407 pag.
1875 3356 2005 3398 XXV.

434 3412 622 3455 nare-hiat
643 3415 736 3454 tum
760 3414 952 3456 Ioannes
973 3416 1237 3456 Boccaccms
1264 3415 1467 3464 ejusdem
1594 3412 1633 3466 c)
1666 3415 1730 3455 Ex
1761 3413 1916 3455 veneta
1939 3412 2135 3453 editione
2157 3410 2329 3452 Antonii
2348 3411 2462 3451 Zatta
2487 3419 2555 3449 an.

436 3469 717 3521 biographus
741 3499 752 3518 ‚
797 3472 890 3511 tum
938 3470 1125 3512 Ioannes
1167 3471 1384 3513 Villanius
1423 3472 1467 3512 in
1539 3471 1649 3512 1760
1679 3472 1720 3510 in
1740 3469 1816 3521 8⁰,
1839 3470 1894 3509 ad
1927 3470 2164 3518 exemplar
2195 3467 2397 3507 editionis
2427 3465 2559 3505 Colo-

436 3526 660 3569 Chronico
693 3527 943 3567 florentino.
1538 3528 1638 3568 niae
1669 3526 1962 3575 Allobrogum
1995 3526 2113 3575 apud
2146 3524 2379 3565 Henricum
2403 3520 2557 3561 Alber-

491 3582 532 3635 b)
564 3583 625 3623 Ut
669 3583 724 3623 de
769 3583 855 3624 hoc
902 3582 1052 3624 libello
1098 3581 1222 3625 recte
1263 3583 1469 3632 judicare
1537 3585 1634 3625 tum
1665 3581 1806 3623 Gosse
1838 3584 1882 3621 et
1919 3582 2012 3622 Soc.
2048 3578 2286 3622 MDCCXL
2325 3576 2468 3626 in-8.0‚
2500 3577 2556 3617 de

436 3640 539 3687 quis
581 3642 766 3689 posset,
803 3638 1127 3690 praelegendas
1175 3639 1460 3682 exhibuimus
1531 3637 1620 3690 qua
1652 3638 1754 3679 vide
1799 3638 1894 3679 Litt.
1942 3638 1976 3678 D
2004 3668 2014 3691 ‚
2045 3634 2354 3687 Biblioqrafia,
2385 3632 2448 3674 n.⁰
2478 3632 2554 3683 IV,

435 3695 478 3733 in
513 3705 618 3735 eum
650 3695 988 3745 disquisitiones
1021 3693 1184 3744 equitis
1215 3695 1333 3736 Ioan.
1354 3695 1460 3736 Car·
1531 3706 1629 3746 pag.
1663 3694 1814 3736 XLIII.

437 3750 634 3803 mignani
664 3750 753 3792 I.C.
787 3761 838 3791 ac
872 3751 1143 3793 professoris
1173 3753 1458 3801 praestantis-
