2696 4230
391 176 453 220 Gt*
1035 186 1103 220 DE
1141 176 1452 222 MONAncmA
1489 175 1591 220 Lm.
1628 176 1694 227 Π,
1729 175 1786 220 -C.
1823 177 1890 221 X.

668 276 768 331 Qui
802 288 968 331 mure,
1007 277 1092 332 qui
1130 280 1287 321 {erras
1311 307 1326 329 ‚
1366 277 1453 332 qui
1488 281 1644 322 tolum
1674 280 1886 335 possidet
1921 276 2096 333 orbem,

663 357 771 404 Non
809 357 932 413 cepit
969 355 1170 412 fortuna
1208 357 1343 399 duos.

386 437 451 482 Et
486 433 694 483 Boetius
734 435 784 482 in
823 431 1044 481 secundo
1070 466 1086 490 ,
1123 435 1236 482 cum
1279 432 1343 481 de
1400 437 1741 481 Romanorum
1792 430 2022 497 principe
2074 431 2377 497 loqueretur
2405 472 2419 492 ‚
2456 439 2528 487 sic

390 514 555 580 inquit
578 535 590 561 :

665 594 758 638 Ilio
795 597 957 640 tamen
994 599 1177 652 sceptro
1210 596 1418 652 populus
1454 598 1681 653 reqebat,

666 674 796 728 Quos
836 677 971 722 videt
1010 679 1216 723 conflens
1260 679 1543 722 radios'sub
1579 679 1740 723 uastas

660 757 891 803 Phoebus
931 762 1142 803 eoelremo
1183 760 1381 804 ‘veniens
1421 760 1479 804 ab
1519 763 1663 809 ortu,

664 836 793 889 Quos
834 844 1058 894 premunt
1096 845 1277 895 septem
1315 840 1464 895 yele'clz'
1502 840 1705 893 triones,

668 915 806 968 Quod
846 923 991 962 notiaes
1032 919 1155 962 sies-0
1196 919 1437 963 violentus
1477 924 1614 963 aestu

664 997 848 1052 ΤΟΜὌΙ,
886 1000 1109 1043 ardentes
1137 1011 1397 1054 recoquens
1435 1012 1631 1046 arenas·

386 1081 495 1123 Hoc
534 1074 686 1123 etiam
729 1075 1076 1124 testimonium
1116 1076 1356 1140 perhibet
1393 1077 1563 1126 scriba
1601 1075 1790 1126 Christi
1844 1080 2042 1135 Lucas,
2080 1075 2165 1142 qui
2207 1076 2374 1127 omnia
2411 1092 2534 1126 vera

385 1155 523 1214 (licit,
559 1155 710 1204 etiam
750 1155 834 1205 illa
870 1163 1016 1220 parte
1054 1157 1129 1206 sui
1169 1156 1396 1222 eloquii:
1436 1161 1611 1205 Emit-it
1648 1162 1856 1207 edictum
1894 1173 1924 1206 a
1962 1161 2162 1206 Caesare
2199 1157 2448 1220 Augusto,
2481 1165 2536 1205 ut

385 1238 742 1283 describerelur
773 1240 1033 1284 universus
1071 1240 1215 1285 orbis.
1268 1241 1321 1285 In
1360 1236 1546 1300 quibus
1582 1237 1757 1286 verbis
1794 1237 2135 1287 universalem
2167 1237 2339 1286 mundi
2379 1235 2532 1303 juris-

386 1314 655 1363 dictionem
714 1323 830 1367 tunc
886 1321 1229 1365 Romanorum
1267 1315 1473 1376 fuisse,
1529 1324 1701 1380 aperte
1755 1317 2042 1383 intelligere
2100 1333 2396 1382 possumus.
2456 1321 2532 1365 Ex

388 1393 577 1457 quibus
620 1395 859 1444 omnibus
895 1394 1221 1444 manifestum
1264 1402 1372 1454 est,
1411 1397 1543 1461 quod
1588 1404 1842 1447 Romanus
1884 1397 2100 1462 populus
2138 1398 2331 1446 cunctis
2369 1397 2534 1447 athle-

385 1475 656 1524 tizantibus
692 1492 782 1540 pro
822 1476 1052 1540 Imperio
1093 1476 1264 1526 mundi
1319 1476 1639 1542 praevaluit:
1683 1494 1805 1541 ergo
1846 1478 1909 1526 de
1948 1478 2119 1528 divino
2153 1478 2350 1543 judicio
2389 1494 2534 1542 prac-

386 1554 581 1614 valuit‚
621 1563 672 1606 et
698 1572 790 1622 per
815 1572 1136 1622 consequens
1175 1557 1240 1607 de
1279 1558 1451 1610 divino
1494 1558 1692 1626 judicio
1731 1559 1984 1619 obtinuit3
2024 1559 2159 1625 quod
2201 1564 2281 1608 est
2319 1558 2380 1607 de
2413 1559 2533 1625 jure

388 1637 686 1686 obtinuisse.

1312 1800 1515 1849 CAPUT
1551 1804 1614 1850 X.

453 1961 518 2005 Et
558 1954 691 2020 quod
731 1971 821 2020 per
860 1954 1086 2004 duellum
1127 1955 1440 2020 acquiritur„
1482 1957 1545 2007 de
1586 1958 1702 2024 jure
1749 1959 2040 2023 acquiritur.
2075 1963 2199 2009 Nam
2239 1960 2535 2024 ubicunque

385 2036 668 2085 humanum
704 2035 957 2101 judicium
997 2034 1206 2093 deficit,
1246 2034 1324 2085 vel
1367 2036 1682 2103 ignorantiae
1720 2040 1949 2090 tenebris
1972 2038 2280 2098 involutum,
2306 2040 2387 2088 vel
2421 2058 2538 2104 pro-

385 2124 503 2180 pter
543 2117 852 2182 praesidium
885 2116 1080 2182 judicis
1121 2132 1215 2165 non
1254 2116 1486 2175 habere3
1526 2134 1589 2167 ne
1621 2118 1821 2185 justitia
1863 2118 2110 2170 derelicta
2149 2116 2430 2177 remaneat,
2457 2135 2536 2167 re-

385 2197 694 2249 currendum
737 2203 811 2245 est
850 2196 910 2246 ad
951 2194 1101 2245 Illum
1126 2232 1140 2253 ,
1181 2197 1266 2261 qui
1309 2204 1504 2247 tantum
1545 2214 1655 2247 eam
1697 2198 1919 2258 dilexit,
1956 2204 2010 2249 ut
2047 2198 2182 2265 quod
2218 2198 2324 2263 ipsa
2362 2199 2537 2264 exige-

386 2278 592 2335 bat‚.de
633 2278 841 2341 premio
879 2277 1122 2342 sanguiue
1162 2276 1430 2327 moriendo
1467 2277 1736 2342 supplevit.
1774 2279 1909 2328 Unde
1935 2279 2196 2329 Psalmus:
2233 2282 2411 2328 Justus
2440 2282 2539 2327 Do-

386 2362 543 2406 minus
577 2363 806 2421 justitias
843 2361 1038 2414 cliceoe‘z't,
1076 2363 1183 2406 Hoc
1223 2363 1391 2407 autem
1435 2356 1522 2415 fit,
1562 2361 1675 2406 cum
1717 2358 1778 2407 de
1828 2358 1996 2407 libero
2034 2375 2242 2409 assensu
2282 2359 2496 2423 partium
2521 2393 2536 2415 ‚

386 2453 482 2486 non
521 2437 676 2494 odio,
718 2436 806 2485 sed
847 2451 1022 2484 amore
1066 2435 1291 2501 justitiae
1319 2471 1334 2492 ‚
1388 2452 1480 2502 per
1531 2436 1717 2485 virium
1765 2443 1868 2485 tam
1923 2437 2077 2486 animi
2116 2453 2264 2501 quam
2306 2437 2537 2500 corporis

385 2523 615 2565 mutuam
650 2515 965 2564 collisionem
991 2550 1004 2570 ‚
1044 2515 1266 2563 divinum
1302 2514 1548 2582 judicium
1606 2515 1905 2579 postulatur.
1943 2521 2104 2575 Quam
2145 2515 2353 2581 quidem
2393 2514 2538 2565 colli-

387 2594 621 2653 sionem,
662 2593 781 2659 quia
819 2592 1060 2658 primitus
1096 2593 1246 2642 unius
1298 2594 1361 2642 ad
1401 2609 1554 2642 unum
1596 2593 1690 2643 fuit
1739 2594 1848 2658 ipsa
1895 2594 2142 2654 inventa„
2188 2593 2412 2643 duellum
2454 2609 2539 2658 ap-

385 2674 651 2741 pellamus.
693 2674 791 2724 Sed
832 2689 1038 2738 semper
1077 2674 1359 2727 cavendum
1396 2679 1508 2732 est,
1547 2680 1601 2724 ut
1638 2675 2073 2740 quemadmodum
2114 2674 2165 2723 in
2203 2674 2362 2725 rebus
2393 2673 2541 2724 belli-

388 2755 461 2804 cis
489 2790 502 2812 ,
542 2753 682 2818 prius
722 2751 892 2802 omnia
929 2752 1171 2802 tentanda
1224 2760 1337 2805 sunt
1375 2768 1468 2818 per
1521 2753 1939 2819 disceptationem
1991 2753 2301 2820 quamdam,
2340 2759 2388 2803 et
2424 2752 2538 2802 ulti-

387 2838 525 2883 mum
566 2850 657 2898 per
696 2831 946 2897 praelium
984 2831 1326 2882 dimicandum
1366 2838 1474 2892 est3
1514 2839 1568 2882 ut
1605 2832 1803 2883 Tullius
1847 2840 1898 2884 et
1933 2833 2175 2899 vegetius
2212 2831 2539 2882 concorditer

387 2913 741 2978 praecipiunt,
782 2911 864 2960 hic
905 2910 954 2959 in
994 2913 1060 2958 Re
1097 2914 1343 2970 militari,
1379 2911 1468 2962 ille
1506 2914 1628 2963 vere
1666 2911 1714 2960 in
1753 2912 1959 2975 Officiis,
2009 2917 2071 2962 Et
2107 2910 2535 2974 quemadmodum

386 2996 438 3044 in
478 2998 599 3044 cura
636 2991 931 3044 medicinali
969 2997 1081 3041 ante
1120 2991 1315 3042 ferrum
1357 2999 1407 3042 et
1439 2990 1611 3058 ignem
1649 2992 1818 3042 omnia
1858 2991 2174 3058 experienda
2213 3007 2269 3041 su
2397 2999 2448 3041 et
2475 2989 2536 3039 ad

388 3075 519 3126 haec
557 3076 734 3125 ultima
773 3074 1177 3132 recurrendum3
1215 3074 1288 3123 sic
1325 3063 1565 3124 omnibus
1601 3074 1701 3124 viis
1738 3074 1875 3138 prius
1897 3072 2210 3138 investigatis
2235 2996 2537 3139 pilgudicio

392 3155 456 3206 de
481 3156 568 3206 lite
606 3154 848 3204 habendo
869 3190 884 3213 ,
923 3154 985 3205 ad
1027 3153 1126 3204 hoc
1165 3153 1452 3205 remedium
1481 3152 1716 3203 ultimum
1745 3152 1963 3217 quadam
1987 3151 2215 3220 justitiae
2239 3150 2535 3201 necessitate

391 3235 551 3285 coacti
581 3251 927 3284 recurramus.
957 3240 1062 3285 Duo
1088 3233 1245 3302 igitur
1284 3232 1521 3284 formalia
1560 3232 1719 3283 duelli
1757 3237 2038 3298 apparent3
2075 3246 2229 3281 unum
2257 3230 2376 3288 hoc,
2401 3228 2537 3295 quod

392 3330 525 3363 nunc
553 3313 743 3363 dictum
773 3319 886 3371 est3
913 3313 1079 3371 aliud,
1119 3314 1254 3378 quod
1291 3314 1530 3379 superius
1567 3312 1901 3379 tangebatur:
1941 3310 2170 3369 scilicet,
2195 3316 2250 3360 ut
2274 3325 2373 3358 non
2399 3307 2536 3364 odio,

390 3412 488 3444 non
525 3410 736 3452 amore,
777 3392 867 3441 sed
911 3392 1020 3444 solo
1052 3395 1282 3461 justitiae
1321 3395 1472 3453 zelo,
1520 3394 1583 3443 de
1621 3393 1875 3445 communi
1914 3408 2118 3443 assensu
2158 3389 2411 3456 agonistae
2447 3403 2537 3437 seu

392 3474 677 3524 duelliones
717 3472 1022 3538 palaestram
1061 3473 1433 3538 ingrediantur.
1486 3478 1548 3523 Et
1583 3477 1789 3538 propter
1826 3471 1927 3522 hoc
1974 3472 2104 3521 bene
2145 3469 2344 3519 Tullius
2371 3502 2387 3526 ,
2424 3470 2536 3515 cum

394 3554 456 3603 de
495 3553 592 3603 hac
632 3551 846 3602 materia
882 3556 1141 3619 tangerem
1179 3551 1444 3616 inquiebat
1480 3554 1651 3602 enim:
1691 3552 1786 3599 Sed
1823 3554 1984 3608 bella,
2021 3554 2198 3613 quibus
2233 3549 2437 3607 Imperii
2461 3560 2539 3592 co-

392 3650 511 3684 rona
546 3639 800 3696 proposita
839 3640 947 3695 est,
982 3638 1146 3683 minus
1198 3637 1359 3682 acerbe
1411 3639 1619 3692 ,uerenda
1656 3640 1784 3682 sunt.
1823 3631 1970 3691 Quod
2023 3632 2066 3684 si
2103 3627 2343 3682 formalia
2377 3624 2538 3677 duelli
