2696 4230
1005 272 1290 306 APPENmCE
1800 252 1811 262 ’
2119 258 2210 304 129

150 358 189 406 ll
245 357 569 406 Volaterrano
632 355 651 419 (
689 356 895 416 Raffaclc
947 356 1110 415 Mussei
1147 356 1209 418 ),
1253 356 1721 401 Commentariorum
1761 354 2062 398 urbanorum
2101 356 2215 399 libri

80 434 183 471 orto
222 432 264 471 et
304 430 511 482 triqiutu
549 423 815 489 (Lugduni,
855 438 945 485 per
983 422 1334 470 Sebastianum
1378 419 1693 486 Gryphium,
1735 421 1865 469 1552
1904 417 2062 474 ἰπὶ-ΤΡ,
2099 434 2211 482 pag.

82 497 211 547 (3383
254 501 302 539 ct
342 494 464 554 (sinc
503 497 629 549 loco)
656 490 787 552 apud
816 489 1080 538 Claudium
1121 489 1372 536 Marnium
1414 496 1463 536 et
1499 488 1762 536 Haeredes
1786 485 1989 534 Joannis
2016 484 2211 549 Aubry,

84 563 213 607 1603
254 559 413 613 iri-s.0,
453 574 560 620 pag.
602 562 753 617 771),
792 557 1333 615 nell'Anchropoloqia,
1373 560 1477 604 Lib.
1514 558 1664 609 XXI,
1703 568 1923 602 accenna
1961 568 1987 599 a
2028 560 2210 615 questo

82 641 233 688 passo
274 627 352 673 dol
401 627 618 680 liartolo,
658 625 978 672 risui-eudone
1018 639 1043 670 a
1087 640 1149 671 un
1189 624 1419 687 dipresso
1458 622 1505 669 le
1544 623 1758 683 parole,
1798 635 1897 675 ma,
1938 634 2086 667 senza
2126 621 2211 668 ba-

81 694 204 741 dare
233 694 527 742 all'avverb.
557 697 700 754 quasi
725 693 808 739 del
838 690 1243 746 Giureconsulto,
1273 691 1385 738 dice
1415 688 1633 753 positivo
1671 689 1767 737 che
1798 687 1850 735 fu
1877 693 2054 735 DANTE
2092 703 2208 736 con-

80 760 297 810 dannato
332 762 557 811 siccome
595 761 829 814 eretico,
872 775 899 806 e
938 758 1036 807 cita
1078 758 1237 806 anche
1279 757 1408 805 male
1447 756 1480 803 il
1525 756 1675 821 luogo
1713 755 1794 803 del
1835 756 2057 819 Digesto.

1053 895 1109 941 N.
1147 897 1229 941 VI.

77 1030 354 1078 MAZZONI
371 1032 624 1082 JACOPO,
650 1031 791 1076 Delia
816 1029 969 1087 ctifesa
988 1029 1113 1076 della
1140 1028 1363 1075 Comedia
1381 1029 1433 1072 di
1449 1027 1605 1074 Dante
1627 1029 1834 1074 distiuta
1858 1028 1910 1071 in
1936 1031 2054 1071 selle
2080 1026 2209 1072 libri.

144 1096 403 1161 (Cesena,
443 1111 534 1158 per
571 1095 896 1145 Bartolomeo
937 1093 1128 1142 Saverii
1154 1128 1170 1151 ,
1211 1098 1362 1151 1587,
1403 1099 1545 1157 parte
1583 1098 1622 1153 Ι,
1661 1110 1688 1143 e
1731 1108 1823 1158 per
1863 1097 2048 1141 Severo
2086 1096 2208 1140 Ver-

216 1163 354 1219 doni,
397 1168 548 1218 1688,
591 1170 733 1225 parte
771 1167 832 1218 ll,
869 1162 1023 1210 in·41.0
1047 1160 1086 1226 ).

143 1229 356 1277 Volume
394 1229 490 1285 20,
531 1230 618 1279 lib.
655 1233 706 1284 4,
747 1244 853 1291 cap.
894 1235 975 1286 30,
1012 1244 1124 1292 pag.
1154 1231 1250 1278 154
1278 1244 1305 1276 e
1345 1225 2051 1291 segg.—-Arqomeuto—«che
2080 1230 2208 1272 DAN-

78 1318 94 1336 ·
135 1311 220 1352 TE,
257 1297 580 1345 conoscendo
620 1298 665 1344 le
718 1294 1070 1358 imper-fezioni
1127 1295 1207 1343 del
1257 1310 1478 1358 governo
1523 1293 1670 1341 civile
1718 1293 1854 1342 della
1888 1293 2208 1356 Repubblica

82 1386 98 1403 ι
139 1361 430 1420 florentina,
470 1363 652 1411 hramo
691 1362 775 1410 ch'
804 1363 905 1411 ella
946 1361 1086 1412 fosse
1124 1367 1396 1426 governata
1435 1361 1500 1410 da
1540 1376 1606 1408 un
1644 1360 1871 1426 principe
1912 1383 1946 1406 υ.

1053 1500 1110 1545 N.
1148 1500 1251 1544 Vll.

71 1634 405 1680 POCCIANTI
442 1636 494 1679 P.
530 1634 707 1682 MICH.
749 1629 964 1686 Servita,
1004 1632 1267 1689 Cataloqus
1304 1633 1600 1690 scriptorum
1636 1632 2005 1690 florentinorum
2051 1632 2208 1675 omnis

135 1702 345 1757 yeneris,
382 1714 586 1758 quorum
623 1704 670 1746 et
704 1702 942 1746 memoria
978 1706 1174 1753 exstat,
1214 1704 1358 1758 atque
1395 1701 1754 1747 lucubrationes
1790 1701 1843 1744 in
1879 1699 2047 1745 literas
2086 1700 2206 1743 rela-

138 1773 219 1814 tae
255 1774 373 1815 sunt
396 1802 410 1822 ,
450 1773 513 1814 ad
547 1774 717 1815 nostra
753 1782 905 1827 usque
943 1772 1157 1827 tempora
1194 1769 1574 1822 MDLXXXIX,
1614 1782 1724 1814 cum
1760 1767 2091 1814 additionibus
2126 1768 2203 1812 Fr.

141 1837 342 1883 LUCAE
379 1839 646 1883 FERRlNI.

138 1900 468 1965 (Florentiae,
504 1901 640 1964 apud
675 1899 858 1965 Philip.
899 1905 1150 1958 Junctam,
1191 1904 1320 1950 1589
1356 1899 1547 1961 ἰπὶ-45)).

139 1974 252 2031 Pag.
279 1970 361 2017 45.
383 1977 418 1999 ‘⁶
436 1972 699 2017 Caeterum
724 1969 773 2016 in
802 1970 949 2018 tertia
976 1974 1115 2030 parte
1138 1970 1453 2016 Monarchiae
1476 1966 1692 2015 affirmat
1720 1965 1991 2031 (DANTES),
2016 1971 2199 2014 Roma-

70 2049 160 2083 nos
187 2042 525 2098 Imperatores
562 2036 757 2084 nullam
795 2035 1186 2100 dependentiam
1219 2035 1412 2083 habere
1436 2050 1461 2081 a
1489 2040 1637 2098 Papa,
1665 2035 1751 2083 sed
1778 2051 1803 2084 a
1827 2035 1934 2084 solo
1963 2039 2082 2086 Deo,
2108 2033 2202 2081 nisi

66 2100 115 2149 in
154 2102 501 2166 spectantibus
538 2104 600 2152 ad
638 2103 793 2152 finem
832 2103 1141 2158 animarum,
1179 2118 1274 2150 non
1314 2108 1480 2151 autem
1522 2102 1572 2149 in
1613 2102 1767 2150 rebus
1803 2100 2201 2164 temporalibus,-

70 2172 205 2233 quod
245 2173 392 2235 quam
435 2187 704 2220 erroneum
741 2171 822 2227 sit,
862 2172 1050 2235 ubique
1089 2170 1320 2218 locorum
1361 2170 1410 2218 in
1450 2170 1685 2217 humanis
1725 2175 1772 2218 et
1814 2167 2200 2226 divinisvliteris

68 2238 370 2300 explicatur,
410 2239 537 2288 sicut
571 2254 789 2303 namque
826 2245 960 2289 Luna
999 2237 1285 2289 illustratur
1312 2253 1338 2286 a
1365 2237 1500 2295 Sole,
1531 2237 1602 2286 ita
1642 2242 1863 2300 potestas
1901 2236 2199 2301 temporalis

67 2321 95 2354 a
133 2305 384 2370 spirituali
423 2341 476 2364 „.

1014 2444 1070 2489 N.
1109 2444 1242 2490 Vlll.

31 2628 34 2630 ,
69 2577 394 2624 STIGLIANI
418 2578 535 2624 CaV.
564 2579 891 2633 TOMMASO‚
917 2577 1099 2625 lettere
1123 2579 1341 2626 dedicate
1379 2577 1429 2623 al
1466 2574 1565 2634 Siq.
1595 2576 1827 2633 Principe
1850 2576 1901 2621 di
1927 2572 2199 2622 Gallicano.

137 2642 338 2703 (Roma,
379 2659 471 2705 per
510 2644 783 2691 Domenico
823 2643 1060 2699 Manelsi,
1102 2647 1225 2695 1651
1266 2641 1484 2705 in-12.0)

132 2709 170 2758 ll
212 2711 481 2759 secentista
521 2710 743 2774 Stigliani
771 2745 785 2766 ,
824 2725 918 2758 non
958 2724 1086 2773 pago
1124 2710 1261 2758 delle
1298 2723 1518 2757 censure
1556 2707 1635 2755 cui
1676 2722 1764 2755 era
1802 2706 2113 2771 soggiaciuta
2151 2707 2198 2754 la

66 2779 357 2826 Monarchiu
385 2778 432 2825 di
460 2782 658 2833 DANTE,
695 2777 923 2825 avrebbe
961 2778 1131 2824 voluto
1169 2777 1264 2826 che
1290 2775 1446 2824 anche
1483 2774 1530 2822 la
1557 2778 1740 2823 Dii-ina
1766 2778 2043 2823 Commeclia
2069 2773 2198 2822 fosse

67 2851 196 2892 stata
239 2844 503 2908 proscritta
542 2860 569 2891 e
606 2844 917 2892 condannata
955 2843 1272 2907 egualmente
1311 2842 1411 2892 alle
1450 2841 1656 2890 fiamme
1695 2843 1775 2904 pei
1826 2857 1924 2890 non
1963 2842 2197 2891 dissimili

67 2911 248 2967 errori,
289 2911 534 2973 de’quali,
572 2910 618 2958 al
661 2928 750 2960 suo
792 2911 922 2965 dire,
963 2914 988 2958 e
1024 2910 1292 2975 dovunque
1330 2909 1656 2960 macchiata:
1695 2908 1939 2958 unendosi
1965 2914 2070 2959 cosi
2098 2910 2196 2970 agli

68 2977 185 3026 altri
226 2978 460 3027 benevoli
503 2977 856 3034 dell'Autore,
895 2978 974 3026 dei
1016 2978 1152 3041 quali
1191 2978 1311 3027 vedi
1347 2976 1380 3025 li
1419 2993 1468 3024 n.
1505 2982 1570 3035 II,
1595 2983 1682 3027 XV
1719 2976 1770 3025 in
1807 2982 1941 3034 nota,
1968 2991 1996 3024 e
2033 2981 2195 3026 XLIV.

65 3049 198 3094 Ecco
226 3045 304 3093 cio
331 3044 511 3110 ch’egli
541 3045 654 3093 dice
681 3044 815 3094 nella
837 3045 1017 3094 lettera
1041 3046 1170 3093 de’li
1201 3044 1484 3096 Settembre
1515 3048 1644 3095 1643
1672 3045 1715 3093 al
1742 3043 2010 3093 Cardinale
2036 3043 2199 3093 Orsini

67 3127 93 3159 a
121 3112 418 3169 Braeciano,
444 3127 554 3177 pag.
586 3116 824 3170 135-12'40,
851 3112 981 3174 dopo
1009 3127 1156 3161 avere
1182 3113 1409 3176 spiegato
1438 3111 1474 3160 il
1503 3127 1649 3161 senso
1678 3112 1834 3167 della,
1860 3111 2078 3160 secondo
2105 3110 2197 3167 lui,

68 3180 287 3228 nefanda
328 3179 501 3241 parola
536 3181 714 3239 suppo!
757 3182 983 3243 (Purgat.
1031 3184 1084 3230 C.
1122 3180 1457 3246 XXX111).-«
1497 3184 1536 3228 E
1575 3184 1882 3228 certamente
1918 3177 1996 3226 ch’
2028 3177 2127 3243 egli
2169 3184 2196 3226 e

71 3270 86 3288 u
128 3263 225 3295 una
264 3262 388 3310 gran
430 3247 744 3310 meraviglia,
770 3247 862 3295 che
890 3263 916 3293 a
956 3247 1073 3311 quel
1111 3247 1315 3296 volume
1353 3250 1416 3311 (il
1453 3249 1673 3312 Poema),
1711 3261 1807 3295 non
1846 3251 2037 3295 estante
2074 3261 2197 3308 que-

71 3337 87 3355 «
130 3322 199 3363 sta
240 3314 539 3361 bestemmia
570 3349 585 3368 ,
623 3330 650 3362 e
688 3314 992 3363 mollissime
1031 3314 1158 3373 altre
1210 3315 1295 3378 piu
1345 3314 1616 3364 esem-abili
1644 3348 1658 3370 ‚
1694 3313 1743 3361 le
1782 3312 1919 3375 quali
1958 3312 2194 3362 contiene

65 3405 81 3423 «
132 3398 222 3445 per
259 3387 403 3437 tutte,
442 3397 495 3430 se
535 3380 606 3429 sia
646 3385 685 3429 sl
722 3382 1047 3446 lungamente
1086 3388 1384 3445 preservato
1422 3380 1558 3430 dalla
1595 3380 1914 3444 proibizione
1952 3380 2196 3443 de’supe-

69 3472 85 3490 a
127 3448 279 3504 riori,
318 3466 344 3495 e
383 3447 587 3497 tuttavia
625 3448 663 3496 si
703 3448 946 3511 preservi.
983 3452 1067 3497 Ma
1106 3449 1152 3497 la
1190 3464 1278 3497 sua
1315 3454 1524 3498 ventura
1563 3452 1588 3496 e
1626 3454 1784 3506 stata,
1820 3448 1882 3496 ed
1920 3451 1966 3504 e,
2004 3448 2051 3496 la
2091 3449 2195 3497 sola
2246 3462 2249 3466 ·

69 3539 85 3556 0«
129 3516 351 3565 oscurita
392 3515 472 3564 del
512 3531 601 3562 suo
637 3515 961 3572 inchiostr03
1014 3516 1201 3578 perche
1253 3516 1468 3565 essendo
1507 3516 1569 3566 da
1607 3515 1759 3579 pochi
1795 3515 1957 3564 inteso
1985 3550 2000 3571 ‚
2041 3515 2194 3578 pochi

68 3607 84 3624 u
127 3588 226 3645 puo
264 3583 656 3637 scandalizzare,
696 3583 710 3630 i
748 3583 886 3646 quali
926 3598 1110 3631 ancora
1144 3599 1241 3632 non
1281 3583 1382 3631 savi
1421 3583 1472 3632 lo
1506 3583 1955 3647 compatiscon0,e
1980 3599 2195 3632 nessuno

70 3674 85 3691 u
126 3652 159 3699 il
200 3651 445 3700 denunzia
486 3650 584 3699 alla
625 3651 964 3713 Inquisizione
1006 3674 1038 3699 n.
1082 3649 1193 3699 sien
1232 3650 1435 3714 dunque
1487 3651 1655 3715 grazie
1693 3655 1794 3699 alla
1839 3655 2055 3701 oscu-rita'
2099 3656 2195 3699 del-

65 3721 378 3767 l’inchiostro
404 3717 452 3766 di
481 3718 561 3766 cui
591 3718 833 3767 servivasi
874 3724 1066 3772 DANTE,
1098 3733 1152 3766 se
1181 3734 1278 3767 non
1318 3719 1357 3766 si
1384 3717 1498 3766 vide
1529 3719 1765 3767 bruciare
1790 3735 1881 3784 per
1911 3720 2088 3770 ordine
2115 3735 2196 3767 su-

65 3786 267 3848 periore
305 3802 332 3834 e
371 3801 460 3852 per
499 3785 548 3835 le
591 3786 720 3834 mani
755 3786 836 3835 dei
874 3784 1112 3835 carnefici
1152 3784 1202 3836 la
1239 3789 1423 3836 Divina
1459 3789 1748 3836 Commodia.
