2696 4230
433 265 496 310 96
1049 276 1117 308 DE
1178 266 1489 311 MoNARcmA
1528 266 1632 312 Lm.
1675 268 1765 322 ΠΙ,
1805 267 1857 313 C.
1894 269 1954 313 X.

432 367 545 410 cum
586 361 806 411 Christus
848 361 1240 424 praenunciaret
1278 361 1569 410 scandalum
1610 363 1875 427 discipulis
1912 364 2034 422 suis,
2071 372 2248 416 Petrus
2287 367 2577 429 respondit:

432 445 543 489 Etsi
580 457 744 488 omnes
782 444 1120 488 scandalizati
1142 442 1328 499 sueri-nt
1352 445 1403 486 in
1433 448 1495 496 te„
1520 457 1600 500 eqo
1626 457 1878 502 nunquam
1902 447 2306 492 scandalizabor.
2346 449 2408 494 Et
2433 445 2580 493 infra:

432 526 541 570 Etsi
578 525 847 581 oportuerit
887 535 959 566 ‘mc
997 523 1146 568 simul
1184 526 1306 568 mori
1342 528 1514 575 rerum,
1552 536 1650 569 ‘non
1689 530 1731 570 tc
1770 527 1965 582 vzeqctbo.
2005 529 2063 572 Et
2092 523 2187 572 hoc.
2217 525 2370 574 ctiam
2414 531 2585 574 conte-

430 609 593 650 statur
630 606 846 650 Marcus.
885 603 1045 648 Lucas
1084 617 1204 649 vero
1245 601 1435 654 scribit,
1474 607 1676 652 Petrum
1716 605 1870 653 etiam
1924 603 2111 652 dixisse
2153 603 2375 662 Christo,
2404 620 2584 668 parum

429 696 579 744 supra
618 682 775 729 verba
813 682 1091 744 praemissa
1131 682 1192 730 de
1231 681 1442 745 gladiis:
1479 685 1707 738 Domine,
1746 691 1909 732 tecum
1932 691 2141 744 paratus
2164 700 2268 733 sum
2296 692 2344 733 ct
2382 690 2435 732 in
2475 700 2586 733 car-

428 777 578 808 cerem
617 770 662 808 et
699 765 751 809 in
790 770 996 809 mortem
1034 766 1121 809 irc:
1163 766 1386 810 ,Ioannes
1424 768 1593 809 autem
1634 762 1751 810 dicit
1787 762 1849 811 de
1881 762 1993 818 illo,
2033 762 2171 825 quod
2203 768 2315 812 cum
2354 762 2588 812 Christus

429 841 589 889 vellet
627 842 723 889 sibi
780 841 954 890 lavare
1011 843 1169 906 pedes
1196 878 1210 897 ἢ
1249 848 1427 891 Petrus
1466 841 1567 889 ait:
1608 845 1841 900 Domine,
1877 850 1929 890 tu
1965 846 2094 890 mihi
2130 848 2269 891 lavas
2303 844 2490 904 pedes?
2524 847 2587 891 Et

427 920 591 969 infra:
630 924 739 969 Non
775 924 965 969 lat-abis
1003 924 1131 969 wzihi
1165 926 1301 981 pedes
1339 925 1390 968 in
1429 928 1700 971 aeternum.
1761 920 1889 970 Dicit
1943 926 2094 971 etiam
2125 959 2140 982 ‚
2197 924 2364 987 ipsum
2413 921 2585 989 gladio

430 1000 748 1062 percussisse
789 1000 1003 1049 ministri
1045 1016 1288 1048 servum:
1329 1000 1464 1063 quod
1525 1001 1675 1048 etiam
1735 1000 2063 1061 conscribunt
2116 1019 2297 1051 omnes
2351 1008 2584 1067 quatuor.

428 1078 561 1127 Dicit
602 1079 752 1128 etiam
793 1083 1033 1135 Joannes,
1073 1079 1237 1143 ipsum
1279 1080 1329 1143 α)
1369 1078 1657 1129 introivisse
1695 1080 1869 1129 subito
1899 1115 1914 1138 ,
1963 1084 2073 1129 cum
2112 1082 2252 1132 venit
2306 1082 2358 1129 in
2408 1098 2583 1131 monu-

427 1166 687 1215 mentum,
727 1158 905 1207 videns
944 1158 1101 1207 alium
1143 1156 1447 1221 discipulum
1490 1164 1808 1207 cunctantem
1849 1159 1913 1207 ad
1953 1159 2153 1209 ostium.
2196 1160 2324 1208 Dicit
2360 1161 2539 1209 iterum
2568 1193 2583 1214 ‚

430 1238 562 1300 quod
605 1238 860 1287 existente
901 1237 1102 1287 Christo
1137 1238 1186 1285 in
1227 1237 1433 1297 littore,
1477 1247 1590 1303 post
1629 1238 2056 1288 resurrectionem
2084 1276 2097 1297 ,
2135 1243 2247 1288 cum
2287 1245 2463 1290 Petrus
2499 1255 2583 1288 au-

432 1318 638 1368 divisset
678 1318 794 1384 quia
836 1319 1078 1369 Dominus
1118 1326 1271 1376 esset,
1311 1319 1571 1369 subcinxit
1610 1337 1663 1368 se
1702 1321 1867 1371 tunica
1906 1321 2054 1387 (erat
2091 1321 2224 1369 enim
2263 1320 2486 1386 nudus),
2528 1326 2579 1369 et

426 1399 569 1448 misit
606 1415 659 1447 se
699 1400 746 1447 in
786 1416 945 1449 mare.
985 1399 1168 1450 Ultimo
1209 1400 1356 1458 dicit„
1396 1399 1528 1462 qnod
1571 1403 1682 1448 cum
1724 1405 1904 1450 Petrus
1943 1400 2156 1448 vidisset
2190 1404 2458 1457 Joannem„
2504 1398 2581 1448 di-

424 1477 501 1527 xit
538 1484 692 1528 Jesu:
733 1482 959 1535 Domine,
999 1483 1077 1526 hic
1116 1488 1278 1526 autem
1315 1480 1461 1538 quid?
1496 1483 1646 1528 Juvat
1683 1478 1873 1543 quippe
1910 1477 2031 1526 talia
2060 1477 2124 1525 de
2161 1477 2574 1528 Archimandrita

424 1565 598 1608 nostro
638 1559 685 1623 b)
739 1559 787 1607 in
842 1560 1047 1609 laudem
1111 1575 1232 1607 suae
1271 1559 1502 1621 puritatis
1550 1560 1906 1608 continuasse:
1960 1559 2007 1606 in
2048 1558 2235 1621 quibus
2274 1566 2450 1621 aperte
2492 1559 2581 1607 de·

426 1639 764 1703 prehenditur
793 1678 806 1698 „
846 1641 981 1705 quod
1024 1645 1133 1689 cum
1176 1640 1241 1689 de
1281 1640 1480 1688 duobus
1519 1639 1705 1704 gladiis
1754 1639 2063 1703 loquebatur
2091 1676 2105 1697 ‚
2147 1638 2423 1688 intentione
2461 1639 2580 1687 sim·

428 1718 551 1781 plici
596 1721 942 1784 respondebat
980 1720 1040 1769 ad
1083 1719 1360 1770 Christum.
1399 1720 1540 1779 Quod
1568 1720 1606 1768 si
1634 1720 1791 1767 verba
1819 1718 1906 1767 illa
1945 1717 2126 1767 Christi
2166 1724 2215 1767 et
2252 1718 2385 1767 Petri
2412 1717 2578 1783 typice

425 1808 536 1849 sunt
575 1800 894 1863 accipienda:
934 1816 1031 1847 non
1071 1802 1132 1849 ad
1174 1801 1272 1850 hoc
1310 1806 1497 1855 tamen,
1539 1799 1673 1864 quod
1707 1799 2005 1856 dicuntisti‚
2044 1798 2288 1847 trahenda
2315 1806 2446 1855 sunt,
2487 1798 2578 1847 sed

422 1878 696 1927 referenda
734 1879 794 1927 ad
839 1895 1041 1928 sensum
1083 1878 1225 1928 illius
1264 1878 1437 1943 gladii,
1480 1878 1544 1925 de
1584 1894 1685 1941 quo
1721 1878 2010 1927 Matthaeus
2049 1876 2228 1926 scribit
2267 1876 2377 1924 sic:
2416 1879 2579 1925 Nolite

424 1962 685 2014 arbitrari,
711 1962 830 2018 quia
856 1963 969 2007 vem·
1001 1975 1167 2019 pacem
1206 1964 1395 2006 mittere
1433 1961 1487 2004 z‘n
1525 1965 1741 2012 terram,-
1777 1973 1874 2004 non
1908 1962 2019 2005 veni
2052 1971 2219 2015 pacem
2247 1959 2457 2012 mittere,
2497 1959 2578 2003 sed

424 2043 667 2099 [stadium.
709 2041 828 2088 Veni
866 2044 993 2087 ere-im
1031 2056 1257 2101 separare
1294 2042 1535 2087 hominem
1561 2045 1790 2088 adt-ersus
1814 2044 1997 2099 patrem
2025 2037 2073 2103 c)
2122 2053 2281 2094 suum,
2306 2043 2392 2084 etc.
2427 2035 2576 2095 Quod

425 2118 634 2180 quidem
679 2117 735 2169 fit
790 2127 889 2169 tam
930 2121 1126 2177 verbo,
1186 2124 1336 2184 quam
1377 2134 1551 2182 opere.
1600 2122 1825 2180 Propter
1880 2116 2015 2179 quod
2055 2115 2262 2164 dicebat
2315 2119 2474 2163 Lucas
2512 2115 2575 2164 ad

425 2198 810 2263 Theophilum:
849 2206 982 2261 Quae
1016 2204 1170 2263 coepit
1204 2204 1346 2250 Jcsus
1380 2204 1538 2262 facere
1576 2207 1623 2248 et
1647 2205 1832 2247 docere.
1872 2195 2053 2244 Talem
2083 2196 2308 2261 gladium
2348 2193 2576 2244 Christus

426 2295 598 2328 emere
637 2281 1021 2345 praecipiebat,
1061 2297 1213 2346 quem
1255 2280 1514 2345 duplicem
1554 2278 1625 2327 ibi
1663 2294 1774 2327 esse
1818 2284 1998 2328 Petrus
2037 2277 2188 2326 etiam
2219 2275 2571 2339 respondebat.

425 2360 501 2408 Ad
541 2362 701 2409 verba
742 2363 875 2410 enim
916 2367 965 2411 et
1002 2379 1157 2426 opera
1200 2361 1362 2427 parati
1404 2365 1565 2419 erant,
1604 2375 1697 2423 per
1737 2375 1867 2422 quae
1904 2358 2130 2407 facerent
2169 2357 2305 2422 quod
2344 2354 2572 2406 Christus

426 2442 668 2493 dicebat.-
707 2443 922 2502 scilicet,
959 2459 1013 2493 se
1053 2442 1252 2492 venisse
1292 2441 1541 2491 facturum
1582 2455 1674 2504 per
1711 2439 1960 2504 gladium,
2000 2442 2051 2488 ut
2089 2436 2277 2486 dictum
2318 2442 2409 2485 est.

1357 2685 1553 2729 CAPUT
1594 2686 1653 2729 X.

496 2929 677 2979 Dicunt
718 2928 924 2994 quidam
962 2927 1148 2984 adhuc⁷
1188 2926 1320 2990 quod
1362 2923 1711 2975 Costantinuus
1747 2929 2047 2988 Imperator,
2087 2922 2401 2971 mundatnsa
2428 2921 2567 2986 lepra
2637 2912 2640 2913 ⁷

482 3192 526 3243 α)
557 3190 680 3230 ldest
712 3191 909 3230 Petrum.
1589 3186 1628 3238 c)
1663 3185 1758 3226 Cot}
1807 3187 1902 3226 Vcn
1948 3181 2132 3235 fratrem.

480 3249 521 3296 b)
556 3248 665 3287 Cod.
700 3247 795 3286 Ven
839 3248 980 3286 vestro
