2696 4230
453 238 519 285 22
1075 252 1143 285 DE
1181 241 1498 288 MouAncniA
1536 239 1640 285 Lux.
1681 239 1721 296 Ι,
1760 238 1812 288 C.
1852 240 1979 288 XIV.

452 354 541 386 sua
577 352 796 405 namque
829 338 1115 406 jurisdictio
1155 336 1451 387 terminatur
1504 340 1706 387 Oceano
1760 336 1961 395 solum3
2016 337 2151 402 quod
2203 353 2305 390 non
2355 346 2602 415 contingit

453 416 769 482 principibus
807 417 956 473 aliis,
996 429 1214 479 quorum
1253 413 1570 478 principatus
1608 415 1671 462 ad
1710 413 1837 464 alios
1862 414 2247 474 terminantur3
2281 425 2336 467 ut
2363 428 2481 482 puta
2508 432 2602 476 Re-

450 497 525 562 gis
562 496 846 552 Castellae,
884 495 947 545 ad
986 493 1132 543 illum
1173 493 1260 559 qui
1297 492 1453 559 Regis
1487 497 1796 559 Aragonum.
1823 499 1901 543 Ex
1927 510 2027 558 quo
2055 495 2303 560 sequitur,
2332 500 2468 561 quod
2491 506 2598 552 Mo-

449 575 641 624 narcha
679 573 1083 623 sincerissimum
1108 573 1241 623 inter
1269 571 1509 623 mortales
1529 571 1761 637 justitiae
1788 572 1949 638 possit
1974 589 2088 623 esse
2119 574 2425 641 subjectum.
2453 582 2606 628 Prae-

449 663 588 704 terea
609 689 623 710 ‚
661 653 1093 717 quemadmodum
1134 653 1383 718 cupiditas
1410 652 1728 707 habitualem
1748 652 1999 719 justitiam
2024 653 2421 718 quodammodo,
2447 672 2605 720 quan-

449 742 764 797 tumcunque
804 748 962 797 pauca
985 769 999 791 ‚
1040 733 1340 782 obnubilat:
1377 732 1448 781 sic
1483 732 1716 790 charitas,
1745 748 1833 782 seu
1857 737 1992 782 recta
2022 733 2268 792 dilectio,
2303 734 2449 784 illam
2475 735 2611 787 acuit

451 817 600 875 atque
639 810 897 861 dilucidat.
938 814 1057 860 Cum
1099 826 1220 876 ergo
1261 811 1487 861 maxime
1525 816 1662 862 recta
1704 811 1911 862 dilectio
1959 811 2123 862 inesse
2177 818 2388 877 potest,
2446 813 2610 878 potis-

449 889 635 938 simum
674 889 845 939 locum
888 889 938 936 in
974 888 1065 938 illo
1103 896 1269 952 potest
1305 889 1497 939 habere
1532 889 1759 957 justitia:
1811 889 2099 957 hujusmodi
2163 898 2236 957 est
2285 891 2604 950 Monarcha;

451 983 576 1032 ergo
614 982 676 1015 eo
715 966 968 1016 existente
992 1002 1006 1024 ‚
1040 967 1279 1033 justititia
1317 968 1577 1032 potissima
1615 976 1733 1026 est,
1769 969 1850 1018 vel
1890 984 2005 1019 esse
2031 976 2214 1033 potest.
2246 970 2391 1030 Quod
2434 977 2610 1021 autem

449 1051 591 1096 recta
627 1045 837 1096 dilectio
898 1045 1051 1096 faciat
1102 1046 1239 1111 quod
1295 1046 1481 1097 dictum
1535 1052 1646 1104 est‚
1687 1046 1805 1096 hinc
1857 1047 2040 1096 haberi
2092 1054 2298 1112 potest:
2348 1048 2610 1114 Cupiditas

453 1141 711 1188 namque,
765 1125 1007 1176 societate
1060 1125 1115 1192 a)
1171 1125 1438 1176 hominum
1479 1131 1686 1191 spreta,
1728 1126 1929 1191 quaerit
1991 1127 2136 1185 alia;
2175 1128 2398 1177 charitas
2451 1132 2611 1186 vero,

455 1205 647 1270 spretis
688 1205 805 1255 aliis
841 1206 1118 1265 omnibuS‚
1160 1207 1361 1272 quaerit
1406 1212 1564 1257 Deum
1612 1214 1664 1258 et
1712 1205 2007 1266 hominem,
2060 1214 2111 1258 et
2156 1223 2248 1272 per
2294 1222 2613 1272 consequens

456 1284 649 1332 bonum
690 1283 937 1334 hominis.
975 1288 1204 1348 Cumque
1240 1284 1373 1336 inter
1408 1283 1508 1336 alia
1545 1283 1676 1333 bona
1703 1283 1922 1335 hominis
1949 1287 2271 1350 potissimum
2301 1288 2380 1347 sit,
2407 1288 2458 1337 in
2485 1301 2612 1352 pace

458 1363 632 1412 vivere
669 1363 770 1431 (ut
808 1380 964 1428 supra
1003 1365 1274 1416 dicebatur
1297 1366 1338 1432 );
1377 1371 1427 1416 et
1462 1364 1562 1415 hoc
1599 1370 1839 1429 operetur
1878 1367 2109 1417 maxime
2146 1373 2299 1431 atque
2346 1368 2612 1434 potissime

449 1438 685 1503 justitia:
727 1440 949 1491 charitas
986 1444 1216 1493 maxime
1250 1444 1502 1510 justitiam
1539 1443 1833 1509 vigorabit‚
1871 1450 1921 1494 et
1957 1447 2125 1510 potior
2161 1447 2349 1512 potius.
2381 1451 2444 1497 Et
2471 1445 2610 1512 quod

452 1519 763 1570 Monarchae
803 1521 1030 1572 maxime
1071 1522 1334 1573 bominum
1373 1529 1514 1573 recta
1566 1523 1776 1574 dilectio
1823 1525 1995 1575 inesse
2050 1526 2275 1584 debeat,
2325 1531 2466 1590 patet
2518 1524 2612 1575 sic:

457 1602 622 1647 Omne
660 1597 917 1663 diligibile
955 1605 1093 1650 tanto
1130 1603 1293 1669 magis
1333 1601 1596 1669 diligitur,
1637 1607 1824 1669 quanto
1862 1605 2198 1671 propinquius
2236 1609 2310 1653 est
2351 1603 2608 1670 diligenti3

456 1677 548 1728 sed
597 1677 830 1729 homines
868 1680 1198 1744 propinquius
1233 1683 1542 1734 Monarcbae
1583 1690 1715 1741 sunt,
1754 1698 1904 1748 quam
1945 1684 2060 1735 aliis
2097 1684 2446 1748 principibus:
2489 1698 2613 1749 ergo

457 1756 525 1805 ab
562 1773 624 1806 eo
663 1757 890 1806 maxime
932 1758 1246 1823 diliguntur,
1283 1761 1365 1810 vel
1401 1761 1542 1825 diligi
1583 1761 1791 1811 debent.
1836 1761 2005 1811 Prima
2035 1760 2301 1811 manifesta
2329 1767 2421 1821 est,
2461 1760 2502 1810 si
2529 1776 2618 1811 na-

456 1843 569 1886 tura
606 1837 926 1900 passivorum
968 1843 1018 1887 et
1054 1839 1331 1888 activorum
1371 1839 1754 1890 consideretur:
1804 1840 2026 1890 secunda
2089 1857 2180 1905 per
2216 1840 2315 1890 hoc
2363 1845 2615 1906 apparet,

459 1916 581 1981 quia
620 1915 943 1980 principibus
971 1917 1082 1966 aliis
1105 1918 1340 1967 homines
1359 1933 1454 1966 non
1482 1918 1887 1982 appropinquant
1913 1918 2004 1968 nisi
2023 1919 2073 1967 in
2097 1927 2278 1982 parte3
2304 1918 2614 1968 Monarchae

464 2011 591 2046 vero
612 1995 892 2045 secundum
916 2004 1101 2047 totum.
1119 2002 1183 2046 Et
1201 2012 1394 2047 rursus:
1415 1997 1663 2047 Homines
1677 1998 1726 2063 b)
1739 1997 2057 2062 principibus
2079 1998 2189 2046 aliis
2208 1996 2617 2063 appropinquant

465 2090 559 2139 per
595 2074 965 2134 Monarcbam‚
1004 2082 1055 2125 et
1089 2091 1188 2124 non
1227 2091 1255 2124 e
1293 2089 1573 2132 convers03
1613 2081 1664 2125 et
1701 2073 1772 2124 sic
1822 2090 1915 2140 per
1942 2074 2084 2140 prius
2108 2082 2160 2125 et
2184 2074 2481 2124 immediate
2507 2079 2621 2125 Μο-

460 2153 847 2204 ῃθνθῇθθιὶηθεῖ
885 2170 1008 2205 cura
1045 2155 1108 2204 de
1146 2155 1423 2213 omnibus3
1461 2154 1579 2205 aliis
1616 2161 1784 2204 autem
1810 2154 2130 2219 principibus
2154 2170 2249 2219 per
2270 2153 2619 2213 Monarcham‚

462 2250 525 2283 eo
559 2234 696 2299 quod
733 2249 855 2284 cura
892 2234 1119 2300 ipsorum
1159 2250 1188 2283 a
1226 2239 1347 2285 cura
1383 2233 1473 2285 illa
1509 2240 1748 2299 suprema
1785 2235 2063 2284 descendit.
2102 2237 2394 2293 Praeterea,
2428 2240 2616 2298 quanto

463 2328 618 2363 causa
658 2320 737 2363 est
773 2313 945 2363 utilior
970 2348 985 2371 ‚
1022 2321 1164 2365 tanto
1201 2314 1364 2379 magis
1402 2314 1564 2364 habet
1600 2314 1850 2363 rationem
1887 2329 2104 2371 causae3
2134 2313 2254 2377 quia
2276 2312 2489 2362 inferior
2515 2328 2616 2362 non

465 2400 543 2443 est
578 2409 729 2443 causa
754 2429 767 2451 ,
805 2392 898 2443 nisi
939 2409 1033 2458 per
1069 2394 1411 2458 superiorem,
1450 2399 1506 2443 ut
1543 2398 1680 2457 patet
1703 2409 1769 2443 ex
1796 2391 1858 2442 iis
1886 2408 2016 2456 quae
2043 2397 2098 2441 de
2127 2393 2331 2439 Causis:
2358 2396 2409 2440 et
2435 2398 2623 2456 quanto

468 2488 625 2521 causa
663 2472 821 2536 magis
861 2477 935 2522 est
971 2485 1158 2531 causa,
1193 2475 1334 2520 tanto
1371 2469 1529 2537 magis
1568 2469 1812 2521 effectum
1852 2469 2053 2536 diligit,
2091 2472 2203 2517 cum
2244 2467 2452 2517 dilectio
2503 2469 2624 2520 talis

474 2556 773 2615 assequatur
802 2565 1008 2601 causam
1038 2567 1131 2615 per
1158 2565 1231 2599 se.
1268 2553 1388 2600 Gum
1412 2565 1532 2616 ergo
1557 2548 1832 2601 Monarcha
1861 2549 1924 2600 sit
1949 2548 2217 2599 utilissima
2243 2546 2290 2614 c)
2315 2563 2464 2598 causa
2487 2548 2622 2598 inter

467 2630 715 2681 mortales
742 2665 758 2688 ‚
797 2636 855 2680 ut
889 2629 1121 2679 homines
1160 2629 1290 2678 bene
1330 2628 1542 2688 vivant3
1583 2628 1704 2694 quia
1742 2628 2004 2693 principes
2043 2627 2131 2678 alii
2174 2643 2266 2692 per
2317 2626 2464 2676 illum
2496 2662 2511 2684 ,
2566 2633 2625 2679 ut

469 2710 661 2759 dictum
720 2713 837 2766 θεῖς
894 2722 1214 2772 consequens
1267 2712 1384 2763 est,
1434 2706 1569 2771 quod
1624 2706 1813 2755 bonum
1854 2706 2123 2756 hominum
2163 2705 2228 2755 ab
2275 2720 2336 2755 eo
2391 2705 2616 2754 maxime

480 2788 733 2853 diligatur.
771 2785 915 2847 Quod
956 2792 1128 2836 autem
1166 2783 1445 2837 Monarcha
1484 2783 1746 2849 potissime
1784 2799 1838 2834 se
1865 2783 2052 2834 habeat
2077 2784 2139 2833 ad
2165 2783 2519 2849 operationem
2546 2784 2627 2849 ju-

471 2867 659 2926 stitiae,
698 2866 814 2932 quis
849 2864 1085 2915 dubitat?
1122 2863 1217 2914 nisi
1256 2863 1343 2929 qui
1390 2879 1571 2916 vocem
1611 2862 1742 2913 hanc
1788 2878 1886 2912 non
1933 2862 2202 2928 intelligit,
2254 2865 2370 2912 cum
2426 2861 2467 2912 si
2518 2866 2626 2912 Mo-

469 2946 656 2997 narcha
693 2952 799 3005 est,
835 2945 1008 2995 hostes
1045 2945 1242 2995 babere
1279 2959 1376 2993 non
1415 2944 1589 3010 possit.
1639 2942 1769 2997 Satis
1810 2943 1966 3008 igitur
2011 2943 2275 2993 declarata
2330 2947 2407 2992 est
2442 2941 2622 2992 subas-

471 3033 671 3090 sumpta
709 3021 1025 3090 principalis,
1063 3022 1183 3088 quia
1221 3021 1483 3074 conclusio
1519 3029 1663 3074 certa
1701 3027 1813 3072 est:
1854 3021 2051 3072 scilicet
2089 3020 2227 3087 quod
2265 3021 2331 3072 ad
2377 3021 2624 3088 optimam

475 3104 648 3155 mundi
686 3101 1072 3169 dispositionem
1108 3116 1323 3152 necesse
1361 3106 1437 3153 est
1475 3100 1830 3153 Monarchiam
1868 3101 1924 3169 d)
1964 3116 2094 3152 esse.

1369 3264 1571 3311 CAPUT
1609 3264 1738 3312 XIV.

544 3424 603 3469 Et
627 3418 904 3469 humanum
935 3436 1112 3487 genus,
1140 3418 1464 3484 potissimum
1493 3419 1736 3475 liberum,
1766 3418 1957 3483 optime
1985 3433 2038 3467 se
2063 3416 2236 3466 habet.
2258 3420 2367 3465 Hoc
2393 3414 2488 3465 erit
2520 3427 2622 3462 ma·

476 3499 742 3558 nifestum‚
767 3500 809 3549 si
832 3499 1136 3565 principium
1169 3505 1335 3565 pateat
1359 3498 1631 3548 libertatis.
1651 3503 1866 3562 Propter
1894 3494 2031 3562 quod
2057 3494 2344 3552 sciendum,
2362 3490 2497 3558 quod
2524 3488 2626 3555 pri-

536 3658 581 3711 a)
615 3660 685 3702 Sic
716 3671 812 3712 nos,
842 3657 1093 3701 secundum
1125 3659 1319 3698 italicam
1347 3657 1514 3698 versio-
1645 3653 1686 3707 c)
1718 3655 1900 3696 Mallem
1923 3664 2029 3697 cum
2060 3654 2268 3697 versione
2290 3650 2427 3695 Ficini
2448 3649 2627 3691 univer·

479 3725 597 3756 nem.
633 3716 761 3766 Vulg.
794 3718 1064 3767 rumenam,
1097 3715 1205 3754 nihii
1240 3714 1512 3763 significans.
1584 3713 1817 3754 salissima.

537 3771 577 3821 o)
612 3772 681 3812 Sic
700 3773 742 3811 in
763 3771 910 3814 ovat.
932 3772 1144 3813 Homines
1166 3770 1297 3811 deest
1315 3770 1358 3810 in
1379 3769 1500 3820 vulg.
1643 3766 1688 3818 d)
1724 3767 1838 3810 Cod.
1871 3767 1981 3810 Ven,
2014 3763 2322 3809 Monareham.
