2696 4230
445 185 511 233 70
1067 201 1135 235 DE
1172 190 1481 237 MONARefflA
1518 193 1621 238 Lm.
1660 194 1726 249 II,
1765 190 1814 240 C.
1854 195 1938 241 XI.

445 286 572 332 tunt.
606 285 710 333 Nec
741 283 845 350 jam
886 283 1179 349 pauperatio
1214 284 1328 335 talis
1365 286 1562 354 absque
1613 290 1700 340 Dei
1740 290 1939 357 judicio
1971 291 2057 343 fit:
2096 294 2206 342 cum
2244 308 2339 346 nec
2375 312 2566 365 paupe-

445 360 620 424 ribus,
658 379 873 427 quorum
912 363 1210 427 patrimonia
1247 374 1363 418 sunt
1397 369 1660 420 Ecclesiae
1712 371 2006 432 facultateS,
2042 373 2159 424 inde
2197 375 2562 438 subveniatur3

444 457 609 508 neque
648 443 711 490 ab
761 441 1005 492 offerente
1041 442 1262 508 Imperio
1301 463 1419 497 cum
1463 450 1769 515 gratitudine
1808 457 2086 506 teneantur.
2123 456 2351 507 Redeant
2376 488 2391 515 ,
2428 460 2562 509 unde

444 530 721 573 venerunt:
761 528 1004 572 venerunt
1038 524 1205 585 bene,
1243 527 1452 579 redeant
1485 531 1654 590 male,
1689 533 1805 599 quia
1843 534 1974 584 bene
2012 538 2159 596 data,
2198 544 2248 588 et
2287 538 2418 588 male
2455 557 2568 604 pos-

446 619 580 653 sessa
616 609 747 653 sunt.
786 602 916 662 Quid
953 604 1016 655 ad
1050 613 1280 670 pastores
1318 610 1480 662 tales?
1518 612 1670 672 Quid,
1697 614 1736 663 si
1762 615 2021 666 Ecclesiae
2055 618 2334 670 substantia
2361 618 2569 678 diffluit,

445 684 562 731 dum
599 682 940 748 proprietates
976 685 1373 751 propinquorum
1426 705 1634 741 suorum
1693 698 2084 760 exaugeantur‘?
2122 698 2218 749 Sed
2255 698 2421 749 forsan
2461 715 2567 747 me-

442 763 542 813 lius
580 770 656 813 est
693 765 1013 829 propositum
1048 769 1319 834 prosequi3
1356 776 1422 830 et,
1449 772 1541 823 suh
1569 773 1651 838 pio
1690 775 1922 835 silenti0,
1960 776 2235 827 Salvatoris
2280 780 2436 828 nostri
2477 796 2567 829 ex-

441 849 647 909 pectare
674 860 985 895 succursum.
1026 848 1145 898 Dico
1185 866 1306 916 ergo
1329 887 1344 911 ,
1382 852 1517 917 quod
1554 852 1593 902 si
1632 859 1909 905 Romanum
1934 855 2207 922 imperium
2235 856 2297 907 de
2321 858 2435 925 jure
2463 874 2564 909 non

439 925 551 986 fuit,
575 926 807 978 Christus
830 927 1083 979 nascendo
1110 932 1445 996 praesumpsit
1468 933 1705 999 injustum
1729 957 1740 985 z
1769 942 1816 987 at
1841 936 1894 1001 α)
1920 954 2234 1004 consequens
2258 946 2330 989 est
2361 938 2566 998 falsum,

442 1022 564 1072 ergo
603 1005 1057 1058 contradictorium
1094 1011 1439 1062 antecedentis
1466 1018 1539 1062 est
1564 1028 1758 1063 verum.
1796 1015 2025 1066 Inferunt
2062 1017 2195 1065 enim
2235 1033 2288 1066 se
2315 1018 2566 1068 contradi·

441 1085 595 1136 ctoria
631 1086 851 1137 invicem
891 1102 920 1136 a
954 1087 1207 1139 contrario
1243 1106 1407 1139 sensu.
1445 1092 1734 1143 Falsitatem
1785 1095 2135 1160 consequentis
2171 1095 2235 1144 ad
2271 1093 2452 1145 fideles
2488 1113 2567 1146 os·

439 1165 649 1215 tendere
687 1182 785 1216 non
824 1172 1041 1232 oportet:
1080 1183 1194 1217 nam
1234 1169 1275 1219 si
1309 1168 1477 1220 fidelis
1516 1172 1629 1238 quis
1668 1180 1775 1231 est,
1812 1172 1988 1223 falsum
2027 1173 2125 1224 hoc
2163 1190 2274 1225 esse
2296 1175 2561 1234 concedit,

440 1254 492 1297 et
519 1245 560 1295 si
587 1261 682 1297 non
722 1246 970 1307 concedit,
993 1246 1161 1299 fidelis
1188 1265 1285 1299 non
1324 1257 1434 1309 est3
1473 1251 1559 1302 sed
1588 1253 1638 1319 b)
1667 1253 1729 1302 ab
1758 1269 1818 1303 eo
1859 1252 1985 1302 ratio
2020 1253 2117 1302 ista
2150 1269 2247 1302 non
2283 1254 2566 1319 quaeritur.

439 1327 864 1394 Consequentiam
903 1328 975 1379 sic
1026 1330 1270 1382 ostendo:
1326 1332 1623 1398 Quicunque
1679 1332 1885 1399 aliquod
1938 1334 2157 1384 edictum
2207 1351 2272 1384 ex
2311 1334 2564 1384 electione

438 1409 798 1474 prosequitur,
836 1409 972 1460 illud
1011 1425 1122 1460 esse
1151 1412 1347 1478 justum
1384 1429 1542 1478 opere
1592 1415 1902 1480 persuadet:
1942 1420 2018 1474 et,
2056 1419 2167 1464 cum
2206 1432 2363 1480 opera
2402 1417 2563 1481 magis

439 1490 682 1542 suadeant
720 1492 800 1559 c),
840 1497 989 1558 quam
1029 1508 1290 1544 sermones
1329 1494 1422 1561 (ut
1456 1495 1754 1562 Philosopho
1791 1495 1960 1562 placet
1995 1497 2044 1546 in
2080 1497 2272 1547 ultimis
2324 1500 2387 1545 ad
2423 1501 2568 1546 Nico-

438 1573 659 1621 machum
682 1572 722 1637 ),
759 1573 920 1639 magis
958 1573 1249 1638 persuadet,
1288 1579 1438 1640 quam
1474 1575 1517 1624 si
1555 1592 1786 1626 sermone
1824 1576 2149 1642 approbaret.
2186 1575 2282 1627 Sed
2316 1575 2565 1634 (lhristuS,

439 1659 492 1701 ut
529 1653 636 1718 ejus
690 1654 859 1704 scriba
913 1660 1070 1704 Lucas
1126 1660 1377 1714 testatur,
1425 1657 1518 1706 sub
1573 1657 1738 1707 edicto
1788 1663 2044 1708 Romanae
2082 1657 2394 1708 auctoritatis
2431 1656 2570 1706 nasci

441 1733 601 1783 voluit
639 1734 700 1783 de
739 1735 938 1800 Virgine
977 1739 1138 1785 Matre
1163 1772 1179 1795 ,
1226 1742 1281 1786 ut
1317 1736 1406 1787 illa
1441 1737 1680 1804 singulari
1734 1739 1935 1803 generis
1980 1738 2186 1788 humani
2226 1737 2566 1802 descriptione

439 1814 592 1863 Filius
616 1815 702 1863 Dei
743 1813 903 1864 factus
940 1815 1092 1864 homo
1130 1816 1559 1875 conscriberetur;
1599 1819 1735 1882 quod
1769 1817 1862 1869 fuit
1897 1820 2020 1869 illud
2058 1819 2315 1884 prosequi.
2340 1824 2401 1868 Et
2433 1816 2564 1867 forte

437 1893 655 1943 sanctius
695 1901 773 1944 est
810 1894 1079 1953 arbitrari,
1118 1895 1361 1946 divinitus
1398 1897 1525 1947 illud
1565 1898 1782 1948 exivisse
1810 1915 1899 1963 per
1922 1902 2226 1956 Caesarem3
2254 1896 2414 1961 utqui
2442 1902 2567 1953 tem,-

436 1990 561 2040 pora
588 1980 722 2026 tanta
745 1974 914 2027 fuerat
938 1982 1232 2040 expectatus
1268 1977 1318 2026 in
1355 1979 1595 2029 societate
1634 1979 1924 2028 mortalium
1947 2014 1961 2037 ,
1999 1995 2111 2029 cum
2139 1977 2440 2029 mortalibus
2460 1976 2566 2041 ipse

436 2072 489 2105 se
528 2056 860 2122 consignaret.
896 2060 1028 2123 Ergo
1067 2056 1324 2118 Christus,
1362 2059 1571 2125 Augusti
1595 2066 1937 2110 Romanorum
1964 2058 2265 2110 auctoritate
2290 2058 2567 2125 fungentiS,

437 2137 657 2187 edictum
694 2137 803 2188 fore
833 2138 1062 2205 justum,
1102 2155 1259 2204 opere
1298 2140 1567 2205 persuasit.
1615 2146 1676 2191 Et
1714 2145 1823 2191 cum
1864 2142 1928 2191 ab
1961 2141 2100 2208 juste
2139 2139 2378 2198 edicere,
2410 2139 2565 2206 juris·

437 2218 590 2269 dictio
649 2227 929 2286 sequatur:
967 2237 1179 2271 necesse
1217 2227 1323 2279 est,
1378 2227 1432 2271 ut
1469 2222 1552 2286 qui
1591 2220 1720 2271 illud
1759 2222 1983 2273 edictum
2035 2221 2317 2288 persuasit,
2349 2221 2562 2287 jurisdi-

435 2297 655 2349 ctionem
694 2300 845 2350 etiam
882 2300 1229 2365 persuaserit,
1281 2316 1411 2366 quae
1450 2300 1490 2348 si
1530 2300 1591 2348 de
1628 2301 1740 2366 jure
1789 2317 1889 2350 non
1927 2306 2075 2360 erat,
2111 2300 2296 2367 injusta
2335 2306 2459 2350 erat.
2498 2304 2562 2352 Et

434 2380 709 2429 notandum
738 2416 754 2438 ,
793 2380 928 2446 quod
966 2385 1316 2447 argumentum
1354 2387 1606 2445 sumptum
1645 2381 1708 2430 ad
1745 2382 2141 2432 destructionem
2182 2382 2560 2445 consequentiS,

432 2459 554 2512 licet
592 2461 655 2511 de
692 2466 780 2512 sua
817 2461 980 2512 forma
1017 2478 1107 2526 per
1145 2462 1365 2525 aliquem
1404 2461 1572 2511 locum
1611 2468 1814 2518 teneat3
1850 2468 2016 2512 tamen
2051 2462 2151 2513 vim
2189 2478 2328 2512 suam
2366 2478 2457 2526 per
2484 2478 2563 2511 se-

434 2541 646 2590 cundam
682 2540 892 2607 figuram
932 2542 1170 2601 ostendit,
1209 2543 1250 2592 si
1290 2542 1592 2599 reducatur,
1629 2542 1756 2591 sicut
1798 2548 2150 2608 argumentum
2206 2541 2257 2590 in
2310 2540 2560 2606 positione

434 2620 779 2670 antecedentis
817 2637 906 2686 per
942 2621 1201 2685 primam,
1240 2621 1500 2672 reducitur
1538 2618 1669 2671 enim
1711 2621 1815 2670 sic:
1861 2626 2022 2671 Omne
2063 2621 2306 2687 injustum
2358 2636 2560 2684 persua—

434 2702 582 2752 detur
634 2702 850 2769 injuste:
904 2701 1126 2752 Christus
1162 2718 1260 2752 non
1298 2703 1551 2768 persuasit
1587 2703 1795 2769 injuste:
1853 2719 1973 2769 ergo
2009 2718 2107 2752 non
2144 2700 2394 2766 persuasit
2427 2702 2558 2768 inju-

437 2789 589 2833 stum.
626 2786 667 2831 A
706 2781 954 2848 positione
992 2783 1333 2834 antecedentis
1366 2783 1467 2833 sic:
1509 2788 1667 2834 Omne
1703 2781 1940 2848 injustum
1977 2781 2309 2846 persuadetur
2341 2780 2559 2848 injuste:

436 2861 667 2914 Christus
725 2862 976 2928 persuasit
1025 2861 1279 2929 quoddam
1314 2862 1590 2931 injustum:
1632 2877 1751 2928 ergo
1784 2860 2033 2927 persuasit
2068 2861 2265 2929 injuste.

1332 3111 1533 3160 CAPUT
1581 3110 1662 3157 Xl.

569 3352 627 3398 Et
664 3346 704 3397 si
742 3352 1021 3397 Romanum
1060 3347 1330 3413 imperium
1370 3348 1433 3399 de
1481 3350 1597 3416 jure
1636 3365 1732 3400 non
1770 3349 1898 3409 fuit,
1934 3354 2200 3415 peccatum
2239 3348 2376 3399 Adae
2415 3348 2470 3415 d)
2505 3348 2556 3398 in

433 3427 630 3480 Christo
667 3445 768 3479 non
805 3426 900 3478 fuit
938 3429 1196 3494 punitum:
1238 3428 1333 3479 hoc
1372 3437 1542 3480 autem
1580 3436 1715 3482 esset
1760 3429 1990 3489 falsum,
2045 3445 2165 3496 ergo
2220 3429 2555 3481 contradicto-

490 3614 536 3668 a)
568 3617 636 3660 Sic
665 3628 778 3672 nos3
810 3621 852 3661 in
882 3619 998 3671 vulg.
1030 3622 1083 3661 et.
1569 3615 1611 3669 c)
1645 3618 1753 3660 Cod.
1784 3619 1895 3661 Ven.
1927 3620 2288 3671 persuadentiora
2316 3619 2416 3662 sint.

437 3673 817 3773 adbzlffnpqicven.
850 3676 999 3720 addit:
1031 3678 1074 3718 et
1101 3675 1290 3726 &fidelis
1318 3683 1412 3717 non
1441 3675 1518 3727 est,
1577 3675 1621 3728 d)
1654 3675 1764 3718 Cod.
1797 3676 1908 3719 Ven.
1940 3678 2149 3719 auctoris.
