2696 4230
386 265 450 310 Μ
1010 273 1077 306 DE
1117 263 1425 308 MoNAncfflA
1463 262 1566 306 Lm.
1605 263 1693 317 111,
1730 263 1780 309 C.
1821 262 1908 308 tx.

395 377 507 409 rum
548 358 872 425 superficiem
913 362 1116 407 tantum.
1171 358 1315 415 Quod
1355 364 1522 407 autem
1565 376 1861 424 responsum
1911 373 2012 408 non
2049 357 2229 408 fuisset
2270 360 2333 408 ad
2375 362 2534 412 inten-

387 440 583 488 tionem
622 440 843 495 Christi,
882 454 980 486 non
1021 439 1117 489 erit
1153 439 1589 497 immanifestum,
1628 439 1667 486 si
1707 439 2091 488 considerentur
2129 440 2287 488 verba
2326 458 2537 504 praece-

387 520 580 578 dentia,
620 527 669 567 ot
709 534 885 566 caussa
920 517 1216 567 verborum.
1280 523 1488 581 Propter
1527 518 1659 582 quod
1698 518 1996 574 sciendum,
2037 517 2173 580 quod
2213 518 2308 566 hoc
2348 518 2537 568 dictum

387 596 481 645 fuit
519 599 567 644 in
607 596 691 643 die
731 611 961 653 coenae3
1003 596 1134 643 uude
1175 600 1336 645 Lucas
1374 595 1545 660 incipit
1598 596 1835 659 superius
1888 596 1997 645 sic:
2042 599 2177 646 Venit
2230 604 2394 645 aretem
2433 603 2536 646 dies

387 691 693 735 azymorum,
732 679 787 724 iu
822 691 915 735 quo
950 692 1136 723 necesse
1174 683 1276 723 erat
1311 679 1473 725 occidi
1509 677 1733 731 Pascha3
1770 681 1823 725 iri
1849 681 1943 735 qud
1981 680 2172 737 quidem
2210 681 2357 725 coenet
2393 692 2536 737 prae-

388 760 620 814 loquulus
657 757 821 815 suerat
860 757 1082 803 Christus
1136 760 1192 804 de
1245 761 1497 816 inqrueute
1547 761 1807 816 passione,
1846 760 1901 805 in
1938 761 2036 817 qud
2085 761 2342 817 oportebat
2380 762 2542 817 ipsum

388 839 615 892 separari
651 851 681 883 α
718 839 975 895 discipulis
1013 840 1129 884 suis.
1183 841 1305 884 [tem
1347 835 1607 895 sciendum
1634 873 1648 895 ,
1689 837 1824 901 quod
1864 836 1949 884 ubi
1988 836 2081 886 ista
2122 838 2278 886 verba
2316 837 2539 886 interve-

389 923 594 972 nerunt,
633 922 778 964 erant
815 916 967 965 simul
1006 933 1183 965 omnes
1221 916 1494 967 duodecim
1537 917 1818 981 discipuli3
1857 917 1991 966 unde
2022 934 2199 981 parum
2235 923 2345 982 post
2381 916 2542 965 verba

390 996 676 1057 praemissa
718 995 838 1045 dicit
871 1000 1061 1044 Lucas:
1099 999 1166 1045 Ec
1202 1003 1312 1045 ciem
1349 1001 1487 1058 facta
1533 1006 1656 1046 esset
1692 1001 1812 1045 hora
1836 1035 1850 1056 ,
1885 1002 2166 1056 discubuit,
2206 1006 2251 1046 et
2290 999 2543 1045 duodecim

390 1076 609 1132 Apostoli
663 1091 767 1123 cum
821 1091 888 1122 eo.
944 1078 1027 1121 Ex
1083 1077 1196 1123 hinc
1252 1082 1538 1125 continuato
1589 1080 1834 1137 colloquio
1872 1082 2008 1127 vertit
2044 1085 2107 1126 ad
2145 1080 2291 1142 haec-7
2334 1078 2542 1132 Quando

395 1159 508 1201 misi
548 1171 632 1203 vos
671 1159 776 1203 sine
813 1159 1027 1212 sacculo,
1069 1164 1113 1203 et
1145 1161 1277 1215 perd,
1318 1164 1365 1204 et
1402 1162 1762 1213 calcea-mentis,
1801 1162 2024 1218 nitriquid
2049 1162 2241 1218 aliquid
2267 1158 2423 1215 defuit
2456 1171 2541 1204 vo-

394 1238 493 1283 bis?
532 1236 591 1282 At
627 1240 709 1284 illi
745 1241 1011 1284 differunt:
1052 1239 1208 1284 Nihil.
1247 1241 1392 1285 Discit
1431 1252 1542 1297 erqo
1571 1241 1669 1285 eis:
1709 1239 1802 1288 Sed
1826 1255 1971 1294 nunc,
1999 1242 2081 1297 qui
2106 1242 2247 1287 habet
2270 1239 2541 1291 sacculum,

399 1318 542 1361 tollat
575 1318 805 1363 simililer
839 1325 886 1363 et
916 1331 1086 1376 peram
1111 1336 1130 1374 ,-
1170 1322 1214 1365 et
1256 1322 1340 1376 qui
1373 1332 1471 1364 uon
1509 1321 1673 1376 habet,
1702 1323 1878 1366 vendat
1913 1322 2155 1374 tunicam,
2192 1324 2237 1364 et
2274 1324 2403 1364 emat
2440 1318 2545 1374 yla-

396 1401 548 1443 dium.
587 1402 642 1445 In
682 1413 782 1461 quo
820 1397 942 1446 satis
981 1405 1160 1462 aperte
1199 1399 1407 1447 intentio
1446 1398 1635 1448 Christi
1680 1398 2072 1455 manifestatur,-
2112 1414 2206 1447 non
2234 1397 2368 1446 enim
2398 1396 2542 1445 dixit:

394 1476 630 1534 EmatiS,
671 1476 750 1525 vel
794 1476 1029 1526 habeatis
1082 1478 1209 1527 duos
1250 1477 1465 1544 gladios,
1505 1478 1609 1527 imo
1649 1478 1964 1535 duodecim,
2004 1483 2116 1527 cum
2158 1476 2219 1525 ad
2259 1475 2538 1526 duodecim

393 1555 679 1618 discipulos
719 1555 1051 1620 loqueretur:
1087 1559 1180 1617 Qui
1220 1575 1317 1607 non
1357 1558 1532 1617 habet,
1573 1566 1744 1615 emat;
1786 1566 1840 1608 ut
1866 1559 2086 1623 quilibet
2113 1557 2329 1607 haberet
2366 1572 2541 1604 unum.

395 1639 458 1683 Et
499 1634 592 1684 boc
635 1635 784 1684 etiam
827 1637 1045 1695 dicebat,
1087 1654 1425 1701 praemonens
1462 1653 1551 1686 eos
1583 1638 1643 1686 de
1684 1644 1923 1701 pressura
1959 1638 2128 1687 futura
2153 1673 2167 1695 ,
2206 1642 2254 1684 et
2293 1636 2543 1699 despectu

392 1712 570 1762 futuro
609 1730 726 1778 erga
766 1731 888 1772 eos,-
928 1717 1069 1778 quasi
1126 1718 1349 1766 diceret:
1390 1716 1652 1778 Quousque
1687 1719 1761 1776 fui
1798 1722 2081 1773 vobiscum,
2128 1720 2310 1774 recepti
2345 1719 2499 1763 eratis
2531 1735 2542 1761 :

394 1810 519 1840 nuuc
577 1800 738 1840 autem
783 1797 1120 1854 siccabimini,-
1158 1806 1214 1844 uc
1250 1803 1469 1855 oporteat
1507 1812 1590 1844 vos
1625 1810 1914 1856 praeparare
1952 1797 2084 1842 vobis
2121 1798 2271 1841 etiam
2307 1809 2381 1851 ea,
2421 1809 2544 1854 qnae

391 1882 506 1921 (trite
547 1876 745 1920 inhibui
782 1879 934 1932 vobis,
970 1885 1167 1936 propter
1205 1878 1426 1936 suturam
1462 1880 1817 1924 necessilatem.
1856 1881 2032 1938 Itaque
2070 1873 2110 1921 si
2148 1873 2416 1936 responsio
2454 1879 2545 1922 Pe-

399 1953 461 1998 tri
505 1951 638 2001 facta
679 1954 741 2002 ad
780 1953 911 2003 haec
948 1954 1130 2004 fuisset
1179 1955 1274 2003 sub
1316 1954 1593 2003 intentione
1644 1953 1731 2004 illa
1759 1989 1773 2011 ,
1821 1954 1928 2019 jam
1968 1967 2065 2000 non
2101 1951 2284 2001 fuisset
2321 1950 2384 2000 ad
2427 1967 2541 2001 eam

397 2048 527 2095 quae
568 2040 678 2082 erat
718 2033 941 2092 Christi3
983 2033 1046 2081 de
1086 2051 1185 2099 quo
1224 2034 1458 2083 Christus
1511 2033 1679 2098 ipsum
1719 2033 2071 2096 increpasset,
2114 2030 2247 2079 sicut
2285 2029 2543 2079 multoties

392 2113 671 2176 increpuit,
711 2117 822 2162 cum
863 2114 1043 2163 inscite
1083 2113 1357 2176 respondit,
1416 2117 1525 2160 Hoc
1580 2116 1746 2159 autem
1789 2126 1887 2160 non
1926 2108 2086 2166 fecit,
2120 2107 2210 2157 sed
2248 2108 2552 2173 acquievit,

394 2195 601 2243 dicens:
639 2195 770 2243 Satis
799 2204 900 2252 θεῖς
941 2193 1082 2258 quasi
1119 2192 1343 2244 diceret:
1383 2196 1588 2252 Propter
1613 2195 1947 2240 necessitatem
1974 2194 2101 2249 dico3
2140 2195 2222 2239 sed
2255 2195 2303 2238 si
2340 2192 2547 2251 quilibet

393 2277 575 2324 habere
611 2292 709 2323 uon
747 2283 922 2336 potest,
963 2280 1056 2325 duo
1094 2278 1316 2338 sufficere
1351 2282 1568 2335 possunt.
1607 2278 1668 2322 Et
1703 2272 1839 2336 quod
1882 2276 2061 2321 Petrus
2087 2270 2150 2319 de
2178 2286 2319 2321 more
2360 2269 2422 2318 ad
2465 2285 2548 2319 su·

396 2353 666 2417 perficiem
706 2355 1022 2420 loqueretur,
1064 2356 1250 2419 probat
1288 2353 1397 2419 ejus
1420 2352 1602 2401 festina
1632 2348 2141 2412 etimpraemeditata
2180 2348 2547 2413 praesumptio,

398 2436 461 2484 ad
505 2451 654 2498 quam
694 2452 792 2484 non
832 2436 996 2485 solnm
1036 2435 1159 2484 fidei
1199 2432 1466 2484 sinceritas
1507 2429 1851 2494 impellebat,
1889 2428 1979 2477 sed
2031 2428 2190 2477 credo
2246 2429 2441 2492 puritas
2499 2433 2551 2476 et

395 2516 702 2579 simplicitas
740 2515 995 2565 naturalis.
1025 2516 1166 2564 Hanc
1206 2528 1347 2562 suam
1390 2509 1855 2575 praesumptionem
1896 2506 2100 2555 scribae
2139 2505 2325 2555 Christi
2366 2509 2550 2555 testan-

394 2603 475 2645 tur
515 2612 708 2646 omnes.
750 2597 936 2646 Scribit
974 2604 1144 2646 autem
1200 2592 1483 2644 Matthaeus
1510 2625 1525 2647 ,
1564 2589 1701 2654 quod
1739 2604 1855 2637 cum
1891 2592 2039 2636 Jesus
2074 2587 2442 2651 interrogasset
2477 2585 2551 2634 di-

400 2675 659 2740 scipulos:
700 2677 851 2732 Quem
890 2692 988 2724 esse
1025 2691 1098 2723 me
1134 2674 1330 2722 dicitis?
1365 2677 1570 2720 Petrum
1610 2674 1729 2717 ante
1769 2685 1946 2717 omnes
1987 2666 2353 2731 respondisse:
2392 2669 2463 2713 Tu
2503 2680 2550 2712 es

404 2759 647 2813 Christus,
684 2761 817 2818 filius
844 2760 937 2804 Dei
963 2758 1082 2804 ciri.
1121 2753 1308 2803 Scribit
1347 2750 1517 2807 etiam,
1557 2750 1690 2814 quod
1727 2750 1976 2805 Christus,
2016 2751 2126 2797 rt’Jm
2166 2747 2362 2796 diceret
2399 2745 2550 2794 disci-

406 2836 555 2898 pulis,
588 2838 715 2894 Quia
750 2840 997 2897 oportebat
1034 2852 1141 2885 eum
1177 2840 1250 2884 ire
1286 2838 1340 2881 in
1365 2835 1694 2888 Hierusalem,
1721 2839 1766 2878 et
1789 2833 1947 2879 multa
1967 2834 2103 2890 pati,
2137 2827 2405 2890 assumpsit
2430 2842 2546 2875 eum

400 2921 619 2974 PetruS,
659 2924 709 2966 et
747 2917 916 2981 coepit
951 2920 1215 2980 increpare
1255 2928 1407 2969 eum,
1448 2910 1651 2960 dicens:
1690 2911 1827 2958 Absit
1863 2911 1952 2957 hoc
1993 2924 2022 2956 α
2062 2916 2142 2965 te,
2181 2909 2416 2962 Domine,-
2454 2921 2551 2952 uon

403 3001 498 3043 erit
535 3000 626 3044 libi
662 3000 764 3044 hoc.
803 2996 878 3044 Ad
918 3012 1067 3060 quem
1107 2993 1365 3048 Christus,
1405 3006 1521 3038 eum
1561 2990 1889 3056 redarguens,
1917 3002 2195 3036 conversus
2221 2984 2382 3034 dixit:
2425 2986 2551 3032 Vade

396 3083 515 3134 post
550 3090 624 3123 me
648 3112 661 3131 ,
700 3077 938 3125 Sarkana.
976 3080 1101 3123 Item
1141 3072 1336 3129 scribit,
1376 3069 1510 3135 quod
1548 3070 1597 3117 in
1638 3075 1808 3117 monte
1847 3065 2302 3132 transfigurationis
2329 3064 2429 3122 ,rin
2468 3078 2552 3112 co-

404 3163 580 3218 spectu
621 3155 842 3214 Christi,
882 3154 1084 3222 Moysi,
1124 3161 1174 3203 et
1211 3152 1351 3202 Eliae
1378 3187 1393 3209 ,
1434 3155 1482 3198 et
1521 3150 1738 3198 duorum
1795 3147 2020 3196 filiorum
2060 3144 2353 3202 Zebedaei,
2394 3142 2551 3192 dixit:

400 3237 591 3282 Bonum
632 3243 702 3283 est
741 3249 827 3282 nos
867 3237 946 3282 hic
985 3250 1121 3284 esse:
1161 3238 1204 3281 si
1239 3237 1330 3287 vis,
1355 3232 1600 3291 faciamus
1639 3231 1718 3276 hic
1753 3233 1854 3276 tria
1885 3227 2220 3282 tabernacula,
2251 3227 2360 3272 Tibi
2381 3237 2550 3278 uuum,

403 3315 566 3372 Moysi
601 3329 774 3371 uuum,
814 3324 859 3362 et
890 3317 1033 3362 Eliae
1067 3328 1235 3360 unum.
1275 3317 1402 3359 {tem
1443 3306 1656 3363 scribit,
1694 3307 1831 3370 quod
1867 3310 1981 3354 cum
2018 3302 2256 3369 discipuli
2293 3308 2465 3351 essent
2501 3301 2552 3349 in

400 3391 632 3442 navicula
671 3400 905 3456 tempore
942 3392 1125 3448 noctiS,
1166 3398 1215 3440 et
1254 3388 1477 3439 Christus
1517 3385 1811 3435 ambularet
1835 3399 1988 3448 super
2013 3398 2218 3449 aquam,
2259 3386 2438 3431 Petrus
2476 3380 2554 3428 di-

401 3475 504 3525 xit·
530 3477 756 3534 Domine,
779 3477 823 3522 si
850 3480 903 3522 tu
942 3489 1009 3530 es,
1040 3477 1152 3534 Jube
1193 3488 1267 3520 me
1295 3474 1358 3519 ad
1385 3477 1426 3518 te
1453 3473 1614 3518 rtenire
1650 3481 1795 3529 super
1828 3479 1997 3528 aquas.
2037 3469 2163 3516 Item
2192 3461 2386 3519 scribit,
2416 3459 2551 3526 quod
