2696 4230
394 247 459 291 88
923 261 989 293 nn
1027 251 1341 296 MONAncfflA
1376 248 1478 294 Lm.
1517 250 1608 303 111,
1646 250 1695 297 C.
1736 252 1796 296 VI
1834 260 1900 295 ET
1940 251 2041 295 vlt.

1300 427 1500 474 CAPUT
1539 430 1616 472 vt.

461 587 527 629 De
568 579 726 628 littera
767 582 890 626 vero
926 579 1079 643 primi
1119 581 1237 630 libri
1277 586 1457 643 Regum
1497 591 1760 633 assumunt
1798 583 1950 634 etiam
1990 585 2300 634 creationem
2349 589 2400 633 et
2451 584 2538 635 de-

393 661 695 724 positionem
738 659 933 708 Saulis:
971 668 1023 709 et
1060 662 1249 718 dicunt,
1287 663 1563 727 quod,Saul
1595 677 1688 713 rex
1715 664 2102 721 inthronizatus,
2131 662 2231 713 fuit
2257 664 2322 713 de
2350 663 2537 713 throno

391 738 647 801 depositus
687 755 778 803 per
819 739 1130 799 Samuelem,
1170 742 1255 806 qui
1294 742 1405 791 vice
1445 742 1533 790 Dei
1572 742 1635 791 de
1673 749 1948 807 praecepto
1986 741 2341 807 fungebatur3
2386 748 2440 789 ut
2486 741 2537 788 in

390 818 555 867 littera
593 825 743 882 patet.
785 824 847 870 Et
884 836 949 867 ex
988 820 1085 870 hoc
1124 827 1361 887 arguunt,
1402 823 1539 885 quod
1579 824 2040 887 quaemadmodum
2079 823 2169 872 ille
2204 823 2294 870 Dei
2324 820 2541 871 vicarius

388 897 737 947 auctoritatem
779 897 961 947 habuit
996 899 1146 948 dandi
1186 909 1237 950 et
1272 900 1488 951 tollendi
1528 901 1753 967 regimen
1803 900 2083 966 temporale
2111 935 2127 957 ,
2173 905 2225 948 et
2277 899 2326 946 in
2382 899 2540 948 alium

388 975 725 1026 transferendi
749 995 760 1021 ε
798 977 869 1026 sic
897 986 946 1026 et
973 994 1099 1027 nune
1128 979 1215 1026 Dei
1241 980 1477 1036 vicarius,
1500 979 1766 1029 Ecclesiae
1794 978 2093 1029 universalis
2119 978 2343 1033 antistes,
2368 981 2545 1025 aucto—

389 1057 593 1107 ritatem
620 1055 772 1106 hahet
795 1057 947 1106 dandi
987 1066 1038 1109 et
1075 1059 1311 1117 tollendi,
1339 1067 1390 1109 et
1428 1059 1582 1109 etiam
1614 1059 1954 1108 transferendi
1993 1064 2247 1122 sceptrum
2275 1056 2540 1121 regiminis

388 1137 702 1199 temporalis.
744 1142 821 1186 Ex
848 1154 948 1201 quo
987 1138 1093 1187 sine
1121 1139 1279 1188 dubio
1307 1145 1625 1202 sequeretur,
1653 1141 1787 1204 quod
1821 1139 2097 1188 auctoritas
2122 1136 2322 1200 Imperii
2352 1135 2416 1184 ab
2445 1141 2538 1184 Ec-

390 1217 550 1267 clesia
578 1216 910 1282 dependeret,
935 1225 985 1268 ut
1010 1219 1196 1268 dicunt.
1221 1224 1282 1270 Et
1307 1219 1368 1268 ad
1398 1219 1493 1270 hoc
1520 1219 1815 1277 dicendum,
1838 1236 1929 1285 per
1954 1217 2399 1282 interemptionem
2429 1215 2539 1281 ejus

391 1300 528 1363 quod
569 1299 763 1357 dicunt,
807 1302 1097 1350 Samuelem
1140 1301 1227 1349 Dei
1267 1300 1556 1349 vicarium:
1598 1301 1715 1364 quia
1753 1318 1851 1351 nou
1878 1308 1933 1351 ut
1969 1301 2206 1357 vicarius,
2248 1298 2337 1350 sed
2375 1304 2429 1347 ut
2464 1296 2540 1346 le-

389 1387 531 1445 gatus
570 1381 805 1445 specialis
843 1382 904 1430 ad
946 1381 1064 1436 hoe,
1107 1380 1212 1431 sive
1250 1381 1496 1440 nuncius,
1535 1389 1740 1447 portans
1783 1383 2070 1431 mandatum
2100 1380 2297 1432 Domini
2326 1395 2536 1444 expres-

389 1477 522 1520 sum,
560 1461 657 1510 hoo
698 1460 835 1509 fecit.
877 1461 1021 1520 Quod
1059 1467 1227 1525 patet,
1264 1462 1383 1524 quia
1422 1463 1667 1527 quioquid
1706 1469 1840 1513 Deus
1878 1464 2023 1521 dixit,
2063 1463 2162 1512 hoc
2195 1461 2320 1511 fecit
2346 1460 2542 1515 solum,

390 1548 439 1589 et
481 1540 577 1588 hoc
616 1540 805 1591 retulit.
844 1540 982 1590 Unde
1019 1540 1318 1597 sciendum,
1357 1541 1490 1605 quod
1529 1541 1667 1591 aliud
1706 1549 1781 1591 est
1821 1559 1932 1592 esse
1971 1541 2243 1598 vicarium,
2293 1539 2431 1590 aliud
2463 1544 2543 1587 est

390 1636 504 1668 esse
542 1620 777 1668 nuncium
821 1621 928 1668 sive
971 1619 1298 1677 ministrum3
1338 1621 1466 1669 sicut
1503 1619 1642 1670 aliud
1680 1629 1757 1670 est
1795 1635 1908 1668 esse
1959 1619 2244 1676 doctorem,
2288 1618 2426 1667 aliud
2465 1623 2544 1667 est

390 1715 502 1748 esse
540 1701 888 1763 interpretem.
941 1706 1067 1749 Nam
1116 1700 1334 1748 vicarius
1373 1707 1484 1757 est,
1523 1700 1602 1749 cui
1645 1700 1930 1766 jurisdictio
1981 1715 2095 1748 cum
2136 1699 2251 1764 lege
2289 1698 2370 1748 vel
2423 1715 2538 1748 cum

388 1778 603 1828 arbitrio
641 1778 919 1826 commissa
960 1785 1075 1834 est;
1122 1785 1173 1828 et
1210 1779 1330 1827 ideo
1368 1780 1498 1828 intra
1539 1779 1783 1827 terminos
1816 1777 2188 1845 jurisdictionis
2230 1777 2540 1826 commissae

390 1860 452 1907 de
494 1859 605 1923 lege
643 1858 725 1907 vel
766 1859 828 1907 de
868 1858 1084 1907 arbitrio
1125 1865 1288 1922 potest
1327 1874 1479 1923 agere
1519 1859 1653 1908 circa
1693 1858 1905 1924 aliquid,
1950 1857 2087 1922 quod
2140 1857 2377 1907 dominus
2431 1874 2551 1907 om-

390 1940 504 1989 nino
542 1939 787 2006 ignorat,
825 1938 1042 1989 nuncius
1080 1945 1248 1988 autem
1287 1953 1384 1988 non
1425 1945 1605 2002 potest,
1641 1940 1691 1988 in
1730 1942 1972 2004 quantum
2010 1937 2257 1995 nuncius;
2299 1937 2388 1987 sed
2419 1953 2548 2001 que-

392 2020 720 2069 madmodum
763 2021 980 2071 malleus
1015 2021 1066 2068 in
1104 2018 1215 2070 sola
1242 2019 1425 2069 virtute
1464 2020 1597 2069 fabri
1637 2027 1909 2085 operatur,
1949 2020 2021 2070 sic
2068 2026 2118 2070 et
2173 2020 2382 2069 nuncius
2422 2016 2544 2069 ‘solo

391 2100 609 2149 arbitrio
648 2102 777 2167 ejus,
806 2100 889 2164 qui
920 2100 1073 2150 mittit
1108 2099 1274 2148 illum.
1300 2104 1408 2149 Non
1446 2099 1602 2165 igitur
1641 2100 1893 2163 sequitur,
1931 2099 1971 2149 si
2012 2104 2147 2148 Deus
2186 2114 2277 2163 per
2300 2098 2543 2147 nuncium

392 2180 683 2229 Samuelem
724 2179 846 2228 fecit
884 2177 999 2237 hoc,
1036 2179 1174 2243 quod
1213 2178 1435 2227 vicarius
1474 2178 1561 2227 Dei
1591 2178 1689 2227 hoc
1714 2178 1884 2229 facere
1913 2177 2071 2242 possit
2102 2177 2355 2228 similiter.
2384 2178 2546 2228 Multa

391 2261 526 2311 enim
567 2266 702 2309 Deus
742 2278 834 2326 per
869 2261 1089 2325 Angelos
1134 2259 1290 2321 fecit,
1331 2267 1380 2310 et
1416 2259 1539 2309 facit
1580 2267 1631 2309 et
1682 2260 1910 2310 facturus
1964 2266 2078 2316 est,
2138 2274 2271 2324 quae
2319 2258 2546 2308 vicarius

392 2341 520 2398 Dei,
558 2342 694 2391 Petri
732 2357 1020 2399 successor,
1057 2340 1230 2391 facere
1268 2357 1367 2390 non
1406 2347 1581 2405 potest.
1622 2341 1760 2389 Unde
1791 2346 2144 2406 argumentum
2169 2340 2384 2390 istorum
2421 2345 2547 2388 esta

391 2427 494 2470 toto
533 2420 593 2469 ad
634 2428 854 2485 partem,
891 2421 1235 2470 construendo
1276 2420 1376 2469 sic:
1418 2426 1584 2469 Homo
1622 2426 1785 2483 potest
1822 2419 1999 2468 audire
2039 2425 2089 2468 et
2142 2418 2367 2475 videre3
2420 2433 2547 2482 ergo

393 2500 571 2549 oculus
614 2506 781 2564 potest
819 2500 996 2549 audire
1037 2505 1086 2546 et
1123 2498 1338 2555 videre3
1379 2504 1430 2547 et
1466 2498 1565 2547 hoc
1608 2514 1705 2549 non
1748 2503 1901 2546 tenet.
1951 2499 2182 2548 Teneret
2232 2502 2399 2545 autem
2456 2497 2547 2545 de-

394 2580 636 2630 structive
675 2580 783 2629 sic:
824 2585 991 2628 Homo
1029 2590 1126 2627 non
1166 2583 1332 2642 potest
1369 2578 1562 2636 volare,
1602 2595 1722 2642 ergo
1760 2594 1852 2626 nec
1894 2577 2103 2627 brachia
2151 2576 2375 2626 hominis
2429 2594 2548 2642 pos-

393 2666 507 2708 sunt
545 2659 741 2707 volare.
780 2663 842 2707 Et
878 2657 1119 2707 similiter
1154 2659 1265 2706 siet
1310 2664 1441 2706 Deus
1482 2673 1572 2722 per
1608 2657 1848 2705 nuncium
1889 2656 2062 2706 facere
2099 2672 2196 2708 non
2236 2662 2420 2721 potest,
2456 2673 2542 2721 ge-

391 2739 493 2786 nita
526 2753 621 2786 non
663 2752 776 2786 esse
815 2736 1002 2802 genita,
1041 2736 1180 2802 juxta
1219 2735 1511 2785 sententiam
1552 2736 1867 2800 Agathonis3
1904 2751 2026 2802 ergo
2062 2751 2154 2785 nec
2182 2735 2404 2786 vicarius
2431 2735 2542 2802 ejus

393 2819 566 2866 facere
607 2825 791 2881 potest.

1281 2983 1480 3028 CAPUT
1530 2983 1636 3029 Vll.

534 3145 807 3189 Assumunt
842 3140 998 3188 etiam
1037 3140 1100 3188 de
1140 3138 1311 3190 littera
1348 3139 1590 3190 Matthaei
1627 3146 1893 3206 Magorum
1921 3140 2230 3206 oblationem
2260 3178 2275 3198 ,
2318 3140 2545 3189 dicentes

396 3218 648 3269 Christum
690 3218 944 3283 recepisse
983 3218 1135 3267 simul
1176 3217 1290 3267 thus
1328 3227 1380 3268 et
1418 3234 1596 3268 aurum
1625 3256 1640 3278 ,
1686 3220 1747 3269 ad
1805 3222 2104 3288 signandum
2148 3221 2373 3286 seipsum
2429 3235 2544 3269 esse

399 3298 658 3347 dominum
701 3305 750 3345 et
789 3297 1183 3361 gubernatorem
1224 3297 1559 3362 spiritualium
1603 3306 1651 3349 et
1676 3299 2052 3365 temporalium.
2080 3304 2154 3348 Ex
2176 3298 2545 3364 quoinferunt‚

400 3375 587 3426 Christi
625 3375 869 3423 vicarium
911 3376 1174 3424 dominum
1216 3384 1267 3427 et
1302 3375 1698 3442 gubernatorem
1740 3377 2068 3434 eorundem3
2107 3386 2192 3434 et,
2239 3392 2331 3441 per
2370 3391 2543 3425 conse-

400 3473 593 3521 quenS,
633 3456 829 3505 habere
869 3462 1202 3521 utrorumque
1243 3457 1617 3507 auctoritatem.
1655 3458 1730 3507 Ad
1780 3458 1877 3507 hoc
1929 3459 2279 3522 respondens,
2319 3456 2546 3506 litteram

402 3538 648 3588 Matthaei
686 3546 737 3588 et
775 3553 979 3586 sensum
1020 3535 1298 3586 confiteor:
1342 3538 1431 3586 sed
1475 3539 1614 3602 quod
1658 3556 1723 3588 ex
1780 3537 1869 3589 illa
1916 3536 2108 3587 inferre
2162 3543 2407 3587 conantur
2434 3571 2449 3592 ,
2499 3534 2548 3582 in

403 3619 619 3667 termino
661 3615 848 3666 deficit.
889 3616 1194 3682 Syllogizant
1235 3617 1368 3664 enim
1409 3617 1510 3666 sic:
1549 3623 1682 3667 Deus
1722 3625 1795 3668 est
1832 3619 2070 3668 dominus
2107 3616 2443 3684 spiritualium
2495 3620 2546 3662 et
