2696 4230
442 207 503 251 6ss
1080 213 1147 246 DE
1184 202 1494 249 MoNAncmA
1529 199 1631 246 Lm.
1671 200 1739 255 Π,
1777 196 1830 246 C.
1865 201 1928 248 X.

437 300 681 353 servanda
715 304 829 351 sunt
866 297 1033 366 (aliter
1066 297 1200 346 enim
1241 295 1467 347 duellum
1503 312 1604 347 non
1649 295 1862 362 esset),
1893 293 2114 363 justitiae
2151 295 2457 348 necessitate
2495 295 2560 346 de

436 383 691 433 communi
727 395 936 431 assensu
974 375 1262 443 congregati
1300 383 1506 443 propter
1558 377 1723 426 zelum
1773 376 1998 443 justitiae
2023 411 2037 436 ‚
2073 391 2236 426 nonne
2271 374 2321 424 in
2356 376 2563 424 nomine

436 461 529 511 Dei
566 458 859 524 congregati
899 457 1050 506 sunt?
1086 460 1146 506 Et
1182 455 1222 505 si
1263 456 1368 516 sic,
1403 471 1567 506 nonne
1603 461 1734 505 Deus
1772 456 1821 504 in
1860 454 2027 505 medio
2064 455 2268 506 illorum
2303 460 2409 513 est,
2447 457 2560 503 cum

436 542 545 606 ipse
583 542 631 588 in
668 534 946 602 Evangelio
985 534 1136 584 nobis
1186 535 1284 585 hoc
1322 536 1619 601 promittat?
1655 540 1719 585 Et
1757 534 1795 584 si
1836 540 1967 584 Deus
2006 535 2186 593 adest,
2222 549 2381 583 nonne
2417 532 2563 582 nefas

438 630 538 679 est‚
578 616 815 667 habendo
847 614 1115 682 justitiam,
1156 617 1492 668 succumbere
1529 617 1718 681 posse?
1755 631 1903 680 quam
1930 615 2041 679 ipse
2077 615 2125 663 in
2163 618 2353 664 tantum
2380 613 2565 679 diligit,

438 706 675 767 quantum
712 698 945 763 superius
983 702 1320 760 praenotatur.
1360 699 1483 749 Et'si
1507 697 1702 766 justitia
1732 697 1785 746 in
1821 695 1991 746 duello
2012 695 2066 763 a)
2103 695 2439 745 succumbere
2477 708 2566 742 ne-

437 782 547 845 quit
571 817 584 840 ,
622 795 784 828 nonne
823 779 884 828 de
918 777 1032 845 jure
1069 778 1379 844 acquiritur,
1419 779 1556 846 quod
1597 796 1685 845 per
1723 777 1949 828 duellum
1978 777 2296 840 acquiritur?
2319 781 2458 825 Hanc
2482 788 2565 824 ve-

437 862 637 912 ritatem
676 861 828 911 etiam
859 858 1085 911 Gentiles
1122 865 1234 911 ante
1273 862 1446 911 tubam
1480 859 1839 925 Evangelicam
1877 858 2248 923 agnoscebant,
2287 873 2401 907 cum
2430 854 2565 922 judi-

438 943 573 991 cium
613 958 640 991 a
678 941 880 992 fortuna
918 942 969 1006 b)
1010 940 1167 990 duelli
1208 942 1542 1007 quaerebant.
1583 941 1725 992 Unde
1777 940 1909 991 bene
1945 939 2162 1009 Pyrrhus
2198 938 2286 988 ille
2323 944 2426 988 tam
2461 952 2569 984 mo-

435 1023 574 1072 ribus
610 1022 926 1072 AEacidarum
952 1056 966 1079 ‚
1005 1025 1157 1085 quam
1211 1022 1454 1086 sanguine
1491 1037 1803 1089 generosuS,
1853 1036 1970 1070 cum
2011 1019 2184 1085 Legati
2221 1025 2564 1070 Romanorum

435 1120 527 1169 pro
563 1101 877 1152 redimendis
916 1101 1133 1165 captivis
1170 1100 1234 1151 ad
1272 1100 1419 1152 illum
1457 1100 1594 1150 missi
1631 1099 1874 1159 fuerunt,
1907 1099 2202 1164 respoudit:

707 1185 802 1234 Nec
841 1187 908 1231 mi
947 1196 1120 1230 aarum
1157 1197 1336 1243 pos-cO,
1371 1196 1458 1230 nec
1497 1186 1563 1231 mi
1597 1184 1806 1242 pretium
1842 1184 2109 1237 dederitis;

710 1267 819 1314 Non
858 1270 1187 1324 cauponantes
1219 1267 1430 1322 bellum,
1469 1270 1552 1312 sed
1589 1266 1962 1324 belliyerantes:

711 1348 877 1404 Ferro,
914 1360 1014 1392 non
1051 1360 1170 1394 auro
1192 1380 1206 1404 ‚
1245 1349 1401 1396 vitam
1438 1361 1692 1394 cernamus
1727 1349 1946 1406 utrique,

710 1429 858 1475 'Vosne
896 1431 1045 1486 relic,
1084 1442 1148 1475 an
1184 1443 1257 1474 me
1281 1463 1295 1486 a
1333 1443 1538 1489 reynare
1579 1431 1740 1478 Hera:
1779 1431 1951 1488 quidve
1987 1429 2112 1488 ferat
2146 1439 2250 1475 sors
2274 1461 2289 1484 ‚

714 1510 897 1557 Virtute
936 1511 1263 1567 experiamus.
1298 1509 1366 1556 Et
1401 1509 1487 1556 hoc
1524 1512 1675 1557 simul
1712 1511 1876 1567 accipe
1916 1510 2123 1555 dictum:

718 1590 937 1645 Quorum
971 1592 1148 1638 virtuti
1186 1592 1302 1638 belli
1335 1590 1538 1649 fortuna
1572 1593 1829 1650 pepercit,

715 1673 995 1719 Eorundem
1031 1685 1104 1718 me
1143 1673 1369 1720 libertati
1398 1685 1596 1730 parcere
1631 1678 1814 1720 certum
1854 1676 1921 1717 cst
1946 1705 1960 1727 ,

709 1751 844 1797 Dono
883 1752 1076 1806 ducite,
1115 1754 1263 1810 doque
1301 1752 1573 1798 volentibus
1611 1765 1717 1798 cum
1752 1753 1946 1810 mayrois
1985 1752 2096 1797 diis.

437 1834 574 1879 Haec
612 1829 850 1896 Pyrrhus.
889 1835 1081 1879 Heram
1117 1830 1338 1880 vocabat
1365 1828 1654 1887 fortunam,
1701 1845 1853 1894 quam
1909 1844 2139 1879 caussam
2179 1825 2362 1877 melius
2401 1831 2450 1877 et
2487 1841 2567 1875 re-

437 1911 567 1959 ctius
605 1926 692 1960 nos
730 1911 951 1960 divinam
1002 1910 1375 1976 providentiam
1428 1909 1761 1976 appellamus.
1817 1910 1957 1962 Unde
1996 1914 2202 1961 caveant
2237 1906 2464 1973 pugileS‚
2501 1923 2565 1958 ne

433 1992 599 2057 pretio
632 1993 930 2043 constituant
968 1992 1068 2042 sibi
1104 2007 1370 2043 caussam:
1410 1991 1530 2058 quia
1568 2007 1664 2041 non
1702 1999 1821 2043 tunc
1860 1990 2081 2041 duellum
2105 2027 2120 2050 ‚
2149 1989 2238 2039 sed
2264 1987 2564 2039 forum-san-

436 2072 604 2136 guinis
644 2079 693 2123 et
730 2074 1000 2125 iniustitiae
1039 2073 1308 2124 dicendum
1349 2078 1517 2131 esset3
1556 2087 1648 2122 nec
1687 2080 1803 2124 tunc
1842 2071 2038 2122 arbiter
2072 2077 2203 2120 Deus
2240 2070 2420 2121 adesse
2457 2087 2564 2121 cre-

435 2152 584 2201 datur
606 2188 621 2211 ,
648 2152 737 2202 sed
765 2153 850 2204 ille
888 2153 1121 2218 antiquus
1161 2153 1317 2203 hostis
1337 2190 1352 2212 9
1390 2153 1475 2218 qui
1509 2150 1653 2219 litigii
1682 2152 1845 2203 fuerat
1871 2167 2153 2217 persuasor.
2180 2150 2410 2200 Habeant
2435 2167 2563 2201 sem-

436 2247 547 2295 per,
583 2231 622 2281 si
651 2231 932 2282 duelliones
968 2248 1077 2282 esse
1114 2232 1308 2291 volunt,
1346 2247 1445 2281 non
1483 2231 1734 2298 sanguinis
1774 2238 1824 2282 et
1860 2230 2129 2298 injustitiae
2169 2236 2492 2289 mereamim,
2513 2230 2564 2280 in

436 2312 569 2362 ostio
606 2312 887 2377 palaestrae
940 2317 1052 2363 ante
1115 2311 1290 2362 oculos
1326 2311 1607 2379 Pyrrhum,
1646 2312 1728 2376 qui
1766 2329 1859 2379 pro
1895 2312 2112 2377 imperio
2152 2312 2457 2362 decertando
2491 2311 2563 2361 sic

435 2404 614 2440 aurum
657 2390 1003 2456 despiciebat,
1041 2397 1095 2440 ut
1131 2391 1320 2442 dictum
1361 2397 1451 2441 est.
1507 2390 1653 2450 Quod
1692 2390 1731 2439 si
1787 2396 1958 2441 contra
2006 2390 2271 2440 veritatem
2312 2398 2564 2441 ostensam

437 2471 501 2521 de
538 2471 831 2537 imparitate
870 2471 1054 2521 virium
1089 2470 1330 2530 instetur,
1369 2476 1423 2521 ut
1474 2469 1700 2528 assolet,
1739 2486 1831 2536 per
1865 2469 2133 2520 victoriam
2171 2469 2330 2519 David
2369 2470 2429 2519 de
2470 2475 2566 2520 Go-

434 2551 562 2604 liath
602 2552 855 2603 obtentam
907 2552 1142 2603 instantia
1181 2551 1463 2603 refellatur.
1502 2557 1565 2602 Et
1604 2551 1644 2600 si
1680 2550 1900 2601 Gentiles
1949 2550 2086 2600 aliud
2126 2555 2373 2616 peterent,
2411 2548 2566 2600 refel-

433 2633 537 2683 lant
572 2633 736 2699 ipsam
776 2649 869 2699 per
904 2633 1175 2684 victoriam
1213 2633 1451 2683 Herculis
1486 2631 1539 2681 in
1575 2631 1851 2683 Antheum.
1891 2632 2104 2683 Stultum
2132 2632 2266 2680 enim
2295 2638 2367 2681 est
2392 2631 2562 2688 valde,

432 2715 604 2774 vireS,
643 2731 768 2782 quas
806 2720 941 2764 Deus
977 2713 1263 2772 confortat,
1299 2712 1576 2764 inferiores
1613 2714 1662 2762 in
1700 2713 1867 2779 pugile
1892 2713 2151 2779 suspicari.
2181 2719 2289 2763 Jam
2318 2713 2434 2762 satis
2463 2727 2565 2761 ma-

433 2794 672 2845 nifestum
712 2788 818 2854 est,
859 2793 994 2857 quod
1032 2810 1124 2858 per
1162 2792 1390 2843 duellum
1430 2792 1727 2859 acquiritur,
1760 2794 1820 2843 de
1850 2793 1965 2860 jure
2004 2791 2212 2857 acquiri.
2251 2792 2346 2843 Sed
2384 2798 2567 2842 Roma-

432 2892 526 2927 nus
562 2876 779 2941 populus
817 2889 907 2940 per
944 2873 1174 2924 duellum
1228 2874 1498 2941 acquisivit
1545 2874 1864 2939 imperium3
1918 2874 2055 2941 quod
2090 2873 2190 2924 fide
2230 2873 2393 2940 dignis
2427 2871 2566 2922 testi-

433 2955 616 3005 moniis
653 2953 999 3020 approbatur:
1041 2953 1092 3002 in
1127 2953 1319 3019 quibus
1356 2951 1744 3004 manifestandis
1780 2970 1878 3004 non
1921 2955 2081 3004 solum
2116 2954 2211 3004 hoc
2250 2951 2562 3018 apparebit,

435 3038 524 3087 sed
548 3042 597 3086 et
623 3035 870 3102 quicquid
908 3051 936 3084 a
972 3035 1391 3100 primordialibus
1428 3035 1631 3101 imperii
1668 3036 1883 3087 Romani
1919 3035 2298 3104 dijudicandum
2325 3040 2451 3094 erat,
2476 3048 2567 3100 per

435 3116 660 3165 duellum
698 3131 810 3164 esse
848 3114 1147 3164 discussum.
1185 3119 1310 3165 Nam
1339 3115 1400 3165 de
1427 3115 1621 3181 prim0‚
1658 3131 1769 3165 cum
1808 3116 1873 3166 de
1909 3117 2034 3166 sede
2071 3116 2230 3182 patris
2253 3120 2456 3171 AEneae,
2481 3111 2566 3176 qui

433 3196 629 3261 primus
669 3200 806 3260 pater
844 3194 992 3261 hujus
1041 3193 1216 3260 populi
1272 3194 1399 3254 fuit,
1435 3199 1725 3245 verteretur
1756 3194 1979 3262 litigium
2003 3232 2018 3255 ‚
2064 3200 2232 3245 Turno
2269 3193 2561 3245 Rutulorum

434 3292 556 3342 rege
595 3283 769 3325 contra
811 3283 1006 3334 stante,
1046 3276 1109 3324 de
1146 3277 1402 3326 communi
1440 3275 1710 3325 amborum
1751 3292 1929 3342 regum
1957 3291 2193 3334 assensn,
2226 3275 2289 3324 ad
2313 3273 2560 3331 ultimum,

433 3361 639 3423 propter
677 3355 899 3405 divinum
941 3354 1315 3420 beneplacitum
1368 3357 1728 3423 inquirendum
1753 3394 1768 3417 ‚
1807 3358 1938 3408 inter
1981 3374 2034 3408 se
2075 3357 2232 3406 solum
2273 3347 2560 3406 dimicatum

436 3443 548 3496 est,
585 3443 638 3486 ut
674 3436 724 3485 in
763 3436 954 3486 ultimis
989 3441 1221 3487 AEaeidos
1257 3438 1464 3489 canitur.
1502 3443 1556 3487 In
1593 3454 1692 3503 quo
1745 3436 1953 3502 quidem
1991 3453 2150 3504 agone
2187 3443 2320 3487 tanta
2360 3432 2562 3485 victoris

433 3521 615 3567 AEneae
649 3514 919 3566 clementia
954 3513 1050 3566 fuit
1075 3552 1089 3576 ‚
1127 3522 1181 3566 ut
1218 3515 1311 3566 nisi
1349 3517 1583 3569 baltheus
1611 3555 1625 3578 ,
1662 3532 1816 3584 quem
1853 3523 2053 3568 Turnus
2091 3515 2299 3567 Pallanti
2336 3529 2365 3563 3
2399 3528 2452 3564 50
2479 3530 2562 3566 oc-

491 3689 534 3745 a)
569 3691 649 3735 Sic.
683 3692 791 3735 Cod.
825 3693 937 3739 Ven.
967 3692 1020 3737 Iu
1048 3693 1169 3746 vulg.
1195 3692 1312 3737 bello.
1529 3689 1570 3747 tr)
1603 3691 1676 3736 Sic
1707 3690 1805 3735 Cod
1848 3692 1961 3737 ven.
1990 3690 2040 3735 1n
2069 3690 2185 3742 vulg.
2215 3687 2274 3731 ad
2301 3684 2531 3738 fortunam,
