2696 4230
412 250 477 293 98
1041 262 1108 294 m:
1150 251 1457 296 Monac—nm
1499 251 1599 295 Lm.
1641 253 1727 305 ΙΙΙ,
1766 250 1817 297 C.
1855 253 1918 299 X.

409 348 775 399 intercessione
818 348 1059 416 sylvestri
1086 382 1099 403 ‚
1139 352 1255 397 tunc
1294 350 1479 398 summi
1520 349 1794 409 pontificis,
1833 350 2046 415 Imperii
2086 350 2261 401 sedem
2288 387 2303 409 ,
2353 356 2554 409 scilicet

412 432 621 476 ‘Romam
654 464 667 484 ‚
709 427 915 476 donavit
951 427 1220 477 Ecclesiae
1248 463 1261 486 ,
1301 445 1417 478 cum
1463 430 1630 479 multis
1669 430 1783 481 aliis
1821 431 2032 496 Imperii
2081 432 2433 497 dignitatibus.
2486 443 2564 486 Ex

406 525 509 571 quo
547 514 810 573 arguunt,
849 506 1121 571 dignitates
1161 507 1276 556 illas
1313 509 1530 572 posthae
1571 512 1824 560 neminem
1864 527 2130 562 assumere
2171 528 2341 576 posse,
2368 514 2461 562 nisi
2495 514 2559 563 ab

408 587 642 636 Ecclesia
685 586 938 649 recipiat,
977 586 1120 652 cujus
1162 602 1247 635 eas
1285 604 1398 636 esse
1438 589 1627 639 dicunt.
1666 596 1728 640 Et
1767 606 1831 640 ex
1873 592 1972 641 hoc
2028 593 2157 642 bene
2210 598 2518 656 sequeretur
2551 628 2565 649 ‚

410 665 760 714 auctoritatem
803 681 951 713 unam
993 666 1056 714 ab
1098 665 1194 716 alia
1234 666 1531 730 dependere
1560 705 1574 727 ,
1612 675 1662 717 nt
1702 669 1797 734 ipsi
1835 671 2029 720 volunt.
2069 671 2249 720 Positis
2304 671 2461 736 igitur
2516 675 2588 720 et*

412 743 591 790 solutis
631 745 977 808 argumentis,
1007 759 1138 808 quae
1179 745 1378 793 radices
1414 746 1463 793 in
1503 746 1685 795 divinis
1729 747 1947 812 eloquiis
1987 748 2181 798 habere
2219 749 2563 805 videbantur3

415 828 605 870 restant
640 839 769 871 nunc
795 823 885 872 illa
926 824 1158 887 ponenda
1201 830 1250 872 et
1288 824 1532 872 solvenda
1556 859 1568 882 ,
1609 841 1741 889 quae
1779 825 1827 872 in
1854 826 2009 888 gestis
2038 827 2262 876 romanis
2291 832 2339 875 et
2365 826 2567 876 ratione

417 899 639 949 humana
678 900 982 950 radicantur.
1021 905 1096 949 Ex
1136 902 1320 966 quibus
1360 902 1581 965 primum
1623 910 1719 960 est,
1748 903 1880 968 quod
1918 904 2276 968 praemittitur,
2317 903 2452 968 quod
2493 904 2564 953 sic

413 978 743 1045 syllogizant:
782 986 851 1029 Ea
893 994 1024 1044 quae
1068 988 1177 1029 sunt
1213 980 1490 1038 Ecclesiae,
1527 997 1676 1030 nemo
1711 981 1911 1048 dejure
1938 981 2135 1031 habere
2162 987 2345 1047 potest,
2369 981 2465 1031 nisi
2495 982 2560 1030 ab

417 1059 685 1115 Ecclesia3
726 1068 776 1111 et
810 1060 906 1109 hoc
945 1060 1254 1109 conceditur.
1293 1067 1576 1111 Romanum
1618 1061 1844 1127 regimen
1884 1067 1959 1111 est
1995 1061 2294 1119 Ecclesiae;
2333 1078 2457 1126 ergo
2488 1062 2562 1126 ip-

411 1156 521 1187 sum
560 1155 710 1187 nemo
749 1139 942 1189 habere
982 1144 1147 1203 potest
1184 1140 1248 1189 de
1284 1141 1398 1207 jure
1426 1177 1438 1197 ‚
1476 1140 1570 1189 nisi
1610 1141 1673 1190 ab
1702 1140 1948 1191 Ecclesia.
1979 1146 2038 1191 Et
2063 1142 2316 1192 minorem
2345 1142 2568 1206 probant

412 1236 503 1283 per
542 1235 600 1268 ea
638 1236 768 1283 quae
804 1219 864 1269 de
891 1221 1215 1271 Constantino
1256 1220 1490 1284 superius
1529 1226 1660 1271 tacta
1700 1228 1829 1271 sunt.
1864 1225 2003 1272 Hanc
2044 1237 2167 1288 ergo
2213 1223 2462 1272 minorem
2491 1221 2569 1270 in-

413 1297 641 1355 terim03
681 1305 732 1348 et
769 1302 881 1348 cum
923 1299 1185 1364 probant,
1226 1300 1340 1348 dico
1380 1298 1515 1361 quod
1554 1315 1643 1348 sua
1685 1301 1925 1365 probatio
1964 1298 2104 1349 nulla
2145 1306 2250 1350 est:
2286 1300 2403 1365 quia
2439 1303 2565 1349 Con-

415 1377 662 1426 stantinus
700 1377 924 1427 alienare
961 1393 1060 1425 non
1100 1384 1302 1441 poterat
1342 1377 1551 1441 Imperii
1594 1379 2024 1444 dignitatem‚nee
2049 1378 2280 1430 Ecclesia
2308 1378 2563 1444 recipere-

416 1460 476 1505 Et
514 1460 627 1506 cum
667 1457 996 1521 pertinaciter
1031 1456 1202 1515 istent,
1240 1457 1378 1522 quod
1416 1457 1551 1512 dico,
1591 1458 1659 1506 sic
1686 1457 1879 1508 ostendi
1910 1464 2103 1521 potest:
2134 1457 2335 1507 Nemini
2362 1457 2481 1507 licet
2507 1472 2567 1507 ea

414 1535 589 1586 facere
629 1554 719 1603 per
757 1537 973 1590 officium
1014 1537 1109 1585 sibi
1151 1537 1443 1601 deputatum
1465 1574 1479 1596 ,
1518 1554 1649 1602 quae
1677 1543 1793 1587 sunt
1817 1544 1987 1586 contra
2020 1536 2151 1586 illud
2183 1537 2423 1593 officium3
2454 1536 2572 1599 quia

417 1614 490 1662 sic
529 1614 705 1673 idem,
744 1615 793 1663 in
835 1618 1070 1680 quantum
1109 1614 1281 1674 idem,
1324 1621 1460 1665 esset
1500 1616 1808 1665 contrarium
1854 1616 1952 1665 sibi
1991 1616 2125 1680 ipsi:
2166 1616 2301 1681 quod
2352 1621 2427 1664 est
2475 1615 2575 1663 im-

415 1693 675 1758 possibile.
714 1695 813 1743 Sed
853 1701 1027 1742 contra
1067 1693 1281 1743 officium
1324 1694 1621 1758 deputatum
1663 1693 1965 1759 Imperatori
2007 1701 2102 1751 est,
2146 1693 2378 1743 scindere
2406 1693 2572 1757 impe-

416 1773 576 1830 rium;
617 1777 728 1822 cum
769 1772 989 1821 officium
1033 1774 1142 1839 ejus
1181 1774 1270 1832 sit,
1314 1773 1589 1822 humanum
1632 1791 1789 1839 genus
1829 1774 1910 1823 uui
1951 1774 2106 1830 velle,
2147 1778 2197 1823 et
2221 1774 2305 1822 uni
2334 1772 2471 1823 nolle
2502 1779 2575 1823 te-

414 1869 537 1902 nere
576 1853 881 1920 subjectum,
919 1860 971 1903 ut
1010 1854 1059 1902 in
1101 1854 1269 1918 primo
1309 1853 1460 1919 hujus
1503 1853 1656 1904 facile
1711 1855 1873 1904 videri
1924 1860 2108 1918 potest:
2162 1869 2286 1918 ergo
2335 1852 2569 1902 scindere

416 1934 728 1998 Imperium,
767 1934 1063 1997 Imperatori
1102 1950 1197 1982 non
1238 1934 1375 1983 licet.
1415 1935 1461 1984 Si
1502 1951 1622 2000 ergo
1661 1934 1863 2000 aliquae
1905 1934 2179 1999 dignitates
2208 1938 2300 1997 per
2326 1936 2570 1981 Constan-

416 2013 574 2064 tinum
615 2021 782 2064 essent
820 2013 1068 2063 alienatae
1105 2014 1199 2078 (ut
1237 2013 1447 2080 dicunt)
1487 2014 1550 2062 ab
1590 2014 1833 2078 Imperio,
1875 2020 1924 2062 et
1962 2010 2310 2062 excessissent
2349 2010 2400 2058 in
2431 2016 2572 2075 pote·

417 2099 546 2144 state
584 2095 891 2150 Ecclesiae3
933 2093 1084 2142 scissa
1126 2100 1259 2143 esset
1297 2094 1460 2143 tunica
1499 2093 1837 2151 inconsutilis„
1881 2108 2034 2158 quam
2073 2091 2307 2140 scindere
2336 2090 2444 2140 ausi
2471 2107 2572 2140 non

420 2181 536 2224 sunt
576 2177 660 2241 qui
698 2176 954 2226 Christum
984 2192 1164 2224 verum
1204 2182 1361 2225 Deum
1402 2175 1578 2226 lancea
1614 2174 1956 2240 perforarunt.
1995 2170 2286 2229 Praeterea,
2325 2171 2455 2222 sicut
2480 2177 2573 2221 Ec·

418 2253 574 2303 clesia
614 2271 758 2304 suum
798 2254 952 2303 habet
988 2254 1411 2311 fundamentnm3
1462 2254 1533 2303 sic
1571 2254 1720 2305 etiam
1761 2253 2039 2318 Imperium
2082 2267 2269 2309 suum3
2306 2266 2421 2299 nam
2477 2257 2570 2300 Ec-

419 2333 609 2382 clesiae
650 2332 1034 2382 fundamentum
1077 2333 1306 2383 Christus
1346 2341 1440 2383 est.
1478 2333 1618 2383 Unde
1658 2332 1931 2398 Apostolus
1969 2333 2030 2382 ad
2069 2330 2389 2383 Corinthios:
2438 2334 2572 2379 Fun-

419 2418 705 2463 damentum
743 2418 880 2463 aliud
916 2430 1055 2462 nemo
1094 2421 1246 2475 potest·
1281 2429 1460 2474 ponere
1486 2448 1500 2470 ‚
1535 2422 1732 2474 praeter
1766 2419 1819 2463 id
1853 2418 1980 2474 quod
2015 2416 2230 2473 positum
2267 2419 2357 2469 est,
2392 2416 2476 2472 qui
2503 2417 2575 2458 est

424 2493 648 2540 Christus
686 2496 851 2540 Jesus:
889 2495 989 2552 ipse
1029 2499 1099 2541 est
1132 2499 1461 2552 petra,·super
1485 2507 1631 2551 quam
1661 2497 1926 2554 aedificata
1962 2500 2035 2541 est
2069 2492 2329 2546 Ecclesia,
2368 2492 2576 2548 Imperii

427 2576 534 2619 vere
570 2574 979 2632 fundamentum,
1011 2575 1093 2632 jus
1132 2574 1396 2620 humanum
1434 2581 1518 2620 cst.
1557 2571 1706 2622 Modo
1745 2570 1860 2620 dico
1886 2606 1900 2629 ,
1939 2569 2077 2635 quod
2127 2568 2255 2617 sicut
2306 2567 2568 2617 Ecclesiae

423 2650 759 2700 fundamento
801 2666 891 2699 suo
931 2650 1229 2699 contrariari
1269 2666 1367 2698 non
1407 2649 1555 2708 licet,
1611 2649 1699 2698 sed
1747 2649 1902 2698 debet
1955 2663 2158 2711 semper
2217 2645 2361 2695 inniti
2417 2661 2572 2710 super

428 2729 600 2789 illud,
632 2731 777 2797 juxta
815 2728 941 2778 illud
981 2729 1339 2779 Canticorum:
1384 2733 1516 2787 Quae
1554 2735 1621 2775 est
1656 2731 1789 2787 ista,
1829 2742 1949 2789 quae
1990 2728 2210 2774 ascendit
2247 2727 2300 2771 de
2338 2730 2525 2773 deserto
2555 2760 2570 2781 ,

432 2813 615 2857 delitiis
654 2811 880 2871 affluens,
915 2810 1098 2857 inuiam
1135 2822 1280 2868 super
1316 2807 1585 2856 dilectum?
1625 2805 1698 2855 sic
1740 2811 1790 2854 et
1825 2805 2052 2869 Imperio
2092 2802 2286 2852 licitum
2325 2819 2422 2851 non
2461 2807 2573 2859 est,

429 2897 602 2938 contra
635 2889 717 2955 jus
754 2889 1033 2938 humanum
1073 2888 1267 2953 aliquid
1308 2886 1500 2936 facere.
1547 2887 1643 2937 Sed
1683 2891 1858 2935 contra
1891 2886 1975 2951 jus
2014 2884 2294 2932 humanum
2335 2890 2491 2941 esset,
2531 2883 2573 2932 si

428 2969 654 3033 seipsum
696 2969 980 3034 Imperium
1021 2968 1324 3026 destruerem
1365 2983 1487 3033 ergo
1516 2965 1739 3033 Imperio
1766 2964 1995 3029 seipsum
2019 2965 2282 3013 destruere
2312 2962 2577 3013 nonlicet.

429 3053 552 3100 Cum
594 3066 718 3115 ergo
758 3048 994 3099 scindere
1031 3049 1332 3113 Imperium,
1370 3053 1510 3097 esset
1550 3047 1817 3097 destruere
1855 3047 2020 3109 ipsum
2050 3079 2065 3100 ,
2109 3044 2420 3094 consistente
2475 3047 2575 3091 Im-

425 3128 575 3193 perio
615 3128 663 3176 in
696 3127 885 3177 unitate
927 3127 1263 3177 Monarchiae
1314 3125 1615 3176 universalis
1641 3144 1659 3181 ,-
1697 3123 2018 3174 manifestum
2059 3127 2152 3180 est,
2190 3122 2323 3187 quod
2369 3120 2576 3186 imperii

425 3209 735 3258 auctoritate
772 3208 1019 3274 fungenti,
1057 3206 1290 3258 scindere
1329 3206 1602 3270 imperium
1640 3221 1738 3255 non
1765 3205 1905 3256 licet.
1934 3203 2078 3264 Quod
2108 3209 2277 3253 autem
2305 3201 2572 3252 destruere

424 3288 705 3353 Imperium
743 3287 806 3337 sit
827 3286 1012 3339 contra
1031 3289 1116 3356 jus
1143 3287 1446 3346 humanum,
1474 3301 1541 3337 ex
1566 3285 1920 3353 superioribus
1947 3291 2024 3336 est
2051 3280 2394 3335 manifestum.
2427 3287 2572 3334 Prae-
