2696 4230
418 287 513 331 100
1046 297 1114 330 DE
1152 285 1465 332 MONARcmA
1503 286 1604 331 Lm.
1643 288 1735 342 III,
1773 286 1826 332 C.
1863 289 1925 333 X.

414 388 556 430 terea
595 383 758 431 omnis
789 382 1080 449 jurisdictio
1115 380 1253 444 prior
1292 387 1367 431 est
1403 398 1493 430 suo
1530 383 1729 449 judice,-
1762 382 1927 448 judex
1963 382 2094 432 enim
2139 380 2202 431 ad
2246 379 2563 447 jurisdictio-

414 475 529 508 nem
569 461 865 517 ordinatur,
905 466 955 508 et
991 474 1090 506 non
1130 473 1157 507 e
1186 474 1449 508 converso.
1480 460 1576 508 Sed
1607 459 1885 524 Imperium
1919 458 2326 525 estjurisdictiO,
2353 475 2557 509 omnem

412 537 1174 605 temporalemjurisdictionem
1204 537 1396 587 ambitu
1418 554 1508 587 suo
1538 538 2003 602 comprehendens:
2034 552 2156 604 ergo
2183 537 2293 602 ipsa
2320 543 2393 585 est
2421 539 2563 601 prior

416 636 509 670 suo
542 619 737 685 judice,
776 618 861 681 qui
903 624 979 667 est
1015 623 1338 681 Imperator;
1379 617 1496 682 quia
1538 619 1597 666 ad
1638 618 1800 682 ipsam
1841 625 2125 682 Imperator
2167 624 2242 668 est
2279 617 2561 676 ordinatuS,

414 706 462 746 et
505 714 598 745 non
638 713 665 744 e
705 712 968 747 converso,
1007 702 1085 746 Ex
1124 715 1221 762 quo
1261 702 1431 761 patet,
1463 699 1601 762 quod
1639 704 1918 762 Imperator
1945 697 2105 762 ipsam
2136 704 2430 763 permutare
2460 714 2561 748 non

414 783 624 841 potest,
666 776 715 824 in
755 782 989 840 quantum
1027 781 1345 841 Imperator,
1384 780 1498 825 cum
1539 776 1602 824 ab
1643 781 1704 826 ea
1741 775 1951 839 recipiat
1974 792 2086 826 esse
2118 775 2251 841 quod
2280 783 2372 825 est.
2406 776 2560 826 Modo

413 857 527 904 dico
568 855 667 904 sic:
707 860 803 905 Aut
840 855 928 905 ille
968 860 1259 919 Imperator
1299 860 1408 904 erat
1435 892 1447 913 ,
1486 859 1599 904 cum
1646 856 1830 904 dicitur
1858 854 2119 905 Ecclesiae
2146 854 2443 913 contulisse,
2473 861 2562 905 aut

412 950 524 983 non.
565 940 625 984 Et
662 934 703 984 si
742 950 859 993 non,
896 934 1100 999 planum
1141 939 1218 983 est
1256 933 1391 999 quod
1433 933 1559 982 nihil
1603 939 1800 998 poterat
1838 933 1900 984 de
1938 934 2157 997 Imperio
2198 934 2451 983 conferre.
2510 932 2561 984 si

413 1015 503 1071 sic,
543 1017 655 1063 cum
696 1013 808 1065 talis
844 1013 1051 1063 collatio
1093 1021 1229 1063 esset
1268 1013 1537 1063 minoratio
1570 1014 1941 1080 jurisdictionis
1969 1050 1983 1071 ,
2020 1014 2070 1062 in
2098 1019 2339 1078 quantum
2384 1020 2556 1079 Impe-

410 1101 549 1144 rator
577 1131 590 1154 ,
626 1095 721 1145 hoc
762 1095 934 1145 facere
973 1111 1069 1144 non
1110 1100 1324 1159 poterat.
1364 1094 1626 1158 Amplius,
1653 1094 1693 1143 si
1717 1110 1843 1143 unus
1871 1101 2163 1159 Imperator
2193 1095 2413 1159 aliquam
2442 1110 2565 1161 par·

409 1174 616 1223 ticulam
656 1174 720 1223 ab
757 1175 964 1239 Imperii
999 1172 1356 1241 jurisdictione
1407 1173 1701 1223 discindere
1758 1181 1966 1236 posset,
2021 1173 2201 1223 eadem
2252 1174 2450 1224 ratione
2511 1178 2562 1223 et

409 1253 557 1302 alius.
597 1253 660 1304 Et
698 1269 813 1302 cum
848 1252 1145 1319 jurisdictio
1183 1253 1481 1317 temporalis
1523 1251 1660 1303 finita
1698 1250 1797 1312 sit,
1837 1259 1885 1302 et.
1922 1268 2074 1303 omne
2118 1250 2315 1301 finitum
2358 1268 2447 1319 per
2502 1250 2561 1301 fi·

409 1332 540 1383 nitas
580 1332 862 1382 decisiones
902 1338 1225 1390 assumatur,
1265 1339 1603 1395 sequeretur,
1657 1333 1792 1398 quod
1824 1331 2119 1399 jurisdictio
2173 1332 2336 1395 prima
2390 1337 2561 1395 posset

410 1411 713 1462 annihilari:
756 1414 892 1478 quod
922 1420 994 1462 est
1020 1412 1386 1462 irrationabile.
1426 1413 1651 1471 Adhuc,
1692 1416 1800 1462 cum
1842 1411 2110 1462 conserens
2151 1411 2339 1462 habeat
2372 1429 2426 1462 se
2470 1429 2562 1476 per

411 1493 618 1542 modum
659 1493 886 1558 agentis,
927 1501 977 1544 et
1016 1493 1097 1544 cui
1136 1492 1411 1551 confertur,
1454 1509 1545 1558 per
1585 1492 1794 1542 modum
1837 1493 2093 1557 patientis,
2132 1498 2188 1541 ut
2234 1493 2403 1556 placet
2447 1491 2558 1542 Phi·

409 1571 628 1636 losopho
666 1572 715 1620 in
756 1578 934 1638 quarto
973 1580 1036 1622 ad
1073 1576 1471 1632 Nicomachum,
1509 1589 1605 1622 non
1663 1571 1822 1622 solum
1866 1572 1927 1621 ad
1968 1571 2295 1620 collationem
2349 1586 2461 1620 esse
2502 1569 2561 1618 li-

415 1650 567 1700 citam
610 1651 895 1714 requiritur
935 1651 1200 1715 dispositio
1240 1649 1564 1710 conserentis,
1597 1651 1684 1702 sed
1725 1651 1873 1700 etiam
1916 1651 2023 1717 ejus
2063 1649 2142 1699 cui
2175 1648 2462 1701 confertur:
2491 1649 2565 1698 vi·

409 1729 559 1779 detur
599 1731 734 1779 enim
775 1730 825 1778 iu
870 1731 1088 1798 patiente
1127 1736 1176 1779 et
1214 1731 1457 1795 disposito
1497 1737 1636 1780 actus
1664 1730 1942 1779 activorum
1972 1730 2155 1779 inesse.
2196 1728 2292 1777 Sed
2331 1727 2564 1777 Ecclesia

409 1808 615 1855 omnino
654 1808 950 1871 indisposita
987 1814 1094 1857 erat
1133 1808 1193 1856 ad
1234 1808 1537 1872 temporalia
1578 1807 1871 1872 recipienda
1897 1843 1911 1866 ,
1952 1823 2040 1871 per
2081 1812 2407 1870 praeceptum
2446 1823 2564 1871 pro-

405 1887 684 1936 hibitivum
726 1902 1047 1951 expressum,
1087 1892 1139 1935 ut
1180 1885 1434 1935 habemus
1474 1903 1566 1952 per
1604 1887 1934 1944 Matthaeum,
1974 1887 2077 1935 sic:
2115 1888 2279 1934 Nolite
2308 1891 2563 1946 possidere

407 1981 600 2023 aurum,
637 1981 790 2025 neque
827 1974 1104 2025 amentum,
1143 1981 1291 2025 neque
1326 1969 1588 2025 pecuniam
1627 1970 1681 2012 in
1718 1969 1864 2014 zonis
1902 1970 2078 2013 vestris
2103 2001 2117 2025 ,
2155 1979 2253 2012 non
2287 1979 2455 2027 peram
2507 1968 2563 2012 in

407 2052 511 2107 via,
548 2057 635 2096 etc.
675 2051 798 2096 Nam
839 2047 931 2095 etsi
974 2062 1065 2112 per
1105 2052 1290 2095 Lucam
1329 2046 1582 2095 habemus
1607 2045 1986 2095 relaxationem
2016 2044 2295 2110 praecepti,
2322 2042 2559 2109 quantum

409 2127 472 2175 ad
510 2126 804 2190 quaedam,
844 2125 905 2174 ad
949 2126 1321 2189 possessionem
1362 2133 1530 2175 tamen
1567 2125 1674 2175 auri
1713 2133 1764 2175 et
1804 2123 2018 2189 argenti,
2046 2123 2359 2173 licentiatam
2383 2123 2561 2186 Eccle-

409 2206 538 2256 siam
582 2213 698 2272 post
740 2204 1145 2271 prohibitionem
1183 2206 1324 2255 illam
1363 2206 1592 2255 invenire
1632 2221 1731 2255 non
1772 2204 1933 2270 potui.
1961 2208 2126 2262 Quare
2155 2204 2196 2253 si
2225 2203 2457 2253 Ecclesia
2482 2220 2562 2253 re-

408 2288 586 2352 cipere
641 2303 739 2336 non
776 2292 993 2351 poterat,
1034 2287 1150 2336 dato
1191 2288 1325 2352 quod
1364 2286 1726 2338 Constantinus
1765 2285 1857 2335 hoc
1896 2285 2067 2335 facere
2105 2285 2351 2349 potuisset
2391 2286 2454 2334 de
2483 2300 2560 2343 se;

408 2370 539 2418 actio
578 2376 752 2419 tamen
789 2368 875 2418 illa
915 2384 1013 2416 non
1052 2375 1162 2418 erat
1201 2367 1495 2432 possibilis,
1544 2374 1754 2432 propter
1801 2367 2039 2431 patientis
2094 2365 2560 2431 indispositionem,

407 2452 551 2498 Patet
585 2447 742 2512 igitur
772 2483 787 2505 ,
827 2447 960 2511 quod
1000 2462 1089 2495 nec
1137 2446 1367 2496 Ecclesia
1406 2445 1640 2510 recipere
1681 2461 1770 2510 per
1810 2445 2018 2493 modum
2059 2445 2387 2509 possessionis
2415 2482 2428 2504 ,
2468 2460 2562 2494 nec

406 2525 494 2574 ille
534 2526 772 2575 conferre
811 2541 900 2588 per
939 2524 1144 2573 modum
1187 2525 1514 2574 alienationis
1552 2530 1765 2588 poterat.
1787 2528 1993 2574 Poterat
2042 2530 2211 2574 tamen
2251 2530 2560 2589 Imperator,

406 2608 455 2656 in
496 2605 832 2670 patrocinium
875 2603 1156 2663 Ecclesiae,
1193 2605 1548 2669 patrimonium
1580 2610 1629 2654 et
1666 2603 1763 2653 alia
1803 2604 2068 2668 deputare,
2105 2605 2318 2654 immoto
2353 2620 2560 2669 semper

407 2685 662 2750 superiori
703 2685 950 2743 dominio,
990 2685 1134 2750 cujus
1172 2685 1343 2734 unitas
1384 2684 1686 2734 divisionem
1726 2698 1821 2733 non
1861 2686 2063 2747 patitur.
2126 2691 2328 2736 Poterat
2382 2691 2433 2734 et
2484 2683 2560 2733 vi-

407 2766 575 2815 carius
613 2766 701 2814 Dei
742 2766 998 2830 recipere,
1037 2779 1131 2812 non
1170 2770 1407 2827 tanquam
1446 2780 1731 2829 possessor,
1773 2764 1862 2813 sed
1904 2770 2142 2829 tanquam
2184 2764 2438 2814 fructuum
2464 2780 2559 2828 pro

408 2844 655 2906 Ecclesia,
684 2863 877 2912 proque
913 2844 1095 2896 Christi
1135 2844 1453 2911 pauperibus
1492 2844 1847 2910 dispensator,
1889 2845 2026 2909 quod
2055 2845 2326 2911 Apostolos
2351 2844 2559 2903 fecisse,

409 2941 507 2976 non
547 2926 824 2991 ignoratur.

475 3005 657 3057 Adhuc
696 3007 899 3065 dicunt,
936 3006 1072 3071 quod
1111 3005 1368 3055 Adrianus
1411 3011 1547 3070 Papa
1600 3004 1836 3056 Carolum
1877 3011 2116 3071 Magnum
2155 3005 2252 3055 sibi
2293 3010 2341 3055 et
2376 3005 2552 3056 Eccle-

408 3086 512 3135 siae
552 3087 836 3145 advocavit,
877 3086 943 3135 ob
982 3085 1216 3152 injuriam
1258 3086 1312 3152 a)
1350 3085 1807 3151 Longobardorum
1847 3093 2084 3150 tempore
2123 3085 2372 3135 Desiderii
2413 3086 2553 3152 regis

410 3180 612 3222 eorum,
650 3172 699 3215 et
737 3166 872 3230 quod
913 3166 1123 3216 Carolus
1162 3166 1226 3214 ab
1265 3181 1325 3214 eo
1355 3163 1551 3228 recepit
1586 3165 1800 3228 Imperii
1829 3165 2145 3231 dignitatem3
2173 3180 2267 3214 non
2295 3164 2550 3223 obstante,

409 3245 544 3308 quod
574 3245 793 3294 Michael
823 3246 1108 3310 imperabat
1126 3246 1258 3312 apud
1285 3243 1789 3311 Constantinopolim.
1814 3250 2028 3312 Propter
2053 3246 2188 3309 quod
2208 3245 2396 3306 dicunt,
2416 3245 2552 3312 quod

465 3446 508 3488 α)
543 3437 610 3477 Sic
641 3448 744 3479 cum
779 3438 888 3479 Cod
923 3438 1030 3479 Vens
1065 3440 1113 3480 In
1146 3441 1251 3491 vulg
1298 3442 1350 3483 ob
1381 3440 1588 3489 injuriam
1628 3439 1767 3481 dccst.
