2696 4230
440 211 500 256 70
1064 224 1130 255 ms
1169 212 1475 258 Memnonia
1513 212 1618 257 Lm.
1656 214 1738 266 ΙΙΙ,
1777 212 1825 257 C.
1865 215 1926 257 ΙΙ.

1356 474 1552 522 CAPUT
1590 476 1649 521 11.

506 713 579 761 Ad
622 720 941 778 praesentem
982 712 1328 776 quaestionem
1369 705 1769 774 discutiendam,
1825 715 1950 764 sicut
1992 713 2042 762 in
2086 713 2445 780 superioribus
2495 725 2570 768 est

437 798 695 858 peractum
725 827 741 851 9
776 790 983 856 aliquod
1020 791 1319 856 principium
1358 799 1432 842 est
1465 795 1793 850 sumendum;
1832 795 1880 844 in
1918 795 2105 845 virtute
2143 797 2292 863 cujus
2341 797 2570 862 aperien-

440 874 532 921 dae
572 873 796 923 veritatis
821 879 1112 938 argumenta
1145 871 1444 924 formentur.
1484 879 1607 923 Nam
1646 876 1753 925 sine
1792 875 2022 941 praefixo
2081 876 2366 943 principio,
2417 878 2567 927 etiam

436 970 554 1002 vera
593 953 826 1011 dicendo,
864 951 1102 1003 laborare
1140 953 1258 1017 quid
1296 954 1547 1018 prodest?
1594 960 1702 1005 cum
1745 956 2040 1021 principium
2081 958 2252 1007 solum
2306 973 2572 1007 assumen-

437 1033 615 1081 dorum
657 1034 939 1083 mediorum
976 1034 1037 1083 sit
1075 1034 1237 1083 radix.
1275 1040 1414 1084 Haec
1449 1034 1603 1100 igitur
1651 1034 2015 1102 irrefragabilis
2067 1040 2255 1087 veritas
2325 1039 2570 1103 praemit-

437 1120 570 1163 tatur
607 1114 681 1181 a),
714 1114 903 1165 scilicet
939 1113 1071 1177 quod
1111 1113 1254 1172 illud„
1282 1115 1412 1179 quod
1444 1122 1648 1166 naturae
1673 1116 1935 1167 intentioni
1963 1122 2404 1183 repugnat‚Deus
2427 1118 2570 1167 nolit.

434 1197 559 1243 Nam
603 1194 641 1242 si
682 1192 779 1242 hoc
816 1210 994 1242 verum
1034 1208 1132 1243 non
1167 1201 1344 1253 esset,
1396 1197 1827 1247 contradictorum
1874 1199 1981 1265 ejus
2018 1213 2116 1247 non
2155 1203 2296 1247 esset
2331 1197 2516 1247 falsum
2550 1218 2565 1256 3

438 1273 570 1338 quod
597 1280 696 1324 est:
723 1280 880 1323 Deum
907 1291 1002 1324 non
1040 1275 1176 1324 nolle
1214 1277 1261 1340 b)
1300 1277 1435 1342 quod
1474 1282 1681 1327 naturae
1718 1276 1972 1328 intentioni
2011 1284 2286 1344 repugnat.
2323 1282 2380 1326 Et
2404 1278 2443 1326 si
2472 1277 2571 1328 hoc

438 1368 537 1401 non
575 1361 650 1404 est
684 1354 865 1404 falsum
891 1391 906 1414 ‚
944 1370 1036 1404 nec
1074 1372 1133 1405 ea
1171 1372 1301 1419 quae
1339 1363 1616 1423 sequuntur
1653 1356 1715 1408 ad
1753 1357 1941 1422 ipsum.
1978 1356 2299 1422 Impossibile
2330 1356 2463 1405 enim
2492 1366 2569 1407 est

437 1432 485 1481 in
522 1436 826 1486 necessariis
863 1438 1243 1502 consequentiis
1295 1437 1476 1487 falsum
1536 1454 1646 1489 esse
1698 1453 2051 1502 conseqnem,
2097 1437 2434 1487 antecedente
2472 1453 2570 1486 non

439 1514 571 1565 falso
610 1518 878 1566 existente.
919 1517 1015 1567 Sed
1053 1515 1115 1565 ad
1140 1533 1235 1566 non
1260 1518 1412 1576 nolle,
1435 1517 1652 1569 aiterum
1674 1518 1885 1568 duorum
1910 1518 2136 1582 sequitur
2153 1517 2214 1566 de
2243 1517 2568 1574 necessitate,

439 1603 525 1646 aut
548 1596 700 1655 velle,
719 1605 924 1647 autnon
947 1596 1115 1647 veile:
1143 1597 1271 1648 sicut
1298 1597 1359 1647 ad
1383 1614 1480 1648 non
1501 1598 1666 1655 odire,
1686 1597 1978 1648 necessario
1999 1598 2244 1662 sequitur,
2269 1604 2355 1646 aut
2375 1613 2567 1653 amare,

441 1687 526 1726 aut
561 1693 660 1725 non
701 1693 906 1727 amare:
943 1694 1044 1728 non
1092 1678 1224 1727 enim
1281 1694 1378 1728 non
1416 1694 1624 1738 amare,
1662 1685 1735 1730 est
1786 1681 1962 1738 odire3
2005 1695 2098 1730 nec
2138 1696 2234 1728 non
2278 1680 2449 1738 velie,
2489 1687 2564 1729 est

440 1757 614 1815 nolle,
651 1764 703 1807 ut
739 1758 800 1807 de
840 1775 894 1807 se
931 1766 1090 1823 patet.
1128 1765 1265 1818 Quae
1302 1760 1341 1808 si
1380 1759 1506 1811 falsa
1543 1777 1643 1810 non
1681 1768 1829 1819 sunt,
1867 1762 1960 1811 ista
2001 1778 2096 1810 non
2136 1762 2235 1811 erit
2258 1760 2410 1810 falsa:
2434 1767 2566 1810 Deus

439 1836 548 1886 vult
586 1838 721 1901 quod
759 1853 855 1885 non
895 1839 1030 1897 vult3
1069 1839 1213 1905 cujus
1250 1838 1442 1889 falsitas
1495 1856 1592 1888 non
1632 1840 1790 1889 habet
1835 1840 2173 1902 superiorem.
2214 1839 2356 1897 Quod
2395 1846 2566 1888 autem

438 1933 615 1965 verum
656 1917 720 1965 sit
755 1919 892 1983 quod
930 1919 1153 1977 dicitur,
1191 1919 1261 1968 sic
1300 1919 1543 1971 declaro:
1583 1920 1902 1970 Manifestum
1946 1924 2023 1969 est
2060 1919 2196 1985 quod
2233 1925 2364 1969 Deus
2409 1919 2565 1968 finem

438 2006 646 2049 naturae
685 1999 823 2049 vult:
862 2001 1010 2050 aliter
1045 1999 1245 2049 coelum
1285 2001 1447 2051 otiose
1485 2006 1745 2058 moveret3
1786 2001 1921 2066 quod
1959 2000 2229 2050 dicendum
2265 2016 2364 2050 non
2395 2007 2487 2050 est.
2518 2001 2567 2051 si

441 2085 574 2130 Deus
601 2081 759 2132 vellet
784 2081 1199 2147 impedimentum
1224 2080 1337 2131 finis
1355 2116 1370 2141 9
1395 2081 1551 2133 vellet
1588 2087 1637 2131 et
1662 2081 1811 2131 finem
1829 2082 2218 2147 impedimen-53
2245 2081 2391 2132 aliter
2413 2082 2568 2132 etiam

442 2163 601 2212 otiose
638 2162 807 2212 vellet.
846 2168 906 2213 Et
942 2181 1057 2214 cnm
1097 2163 1210 2212 finis
1246 2163 1593 2229 impedimenti
1633 2163 1729 2222 sit,
1765 2180 1865 2214 non
1905 2179 2016 2214 esse
2058 2164 2129 2212 rei
2155 2164 2461 2229 impeditae3
2492 2180 2568 2212 se-

444 2251 721 2308 queretur,
760 2250 918 2292 Deum
958 2245 1091 2294 veile
1128 2260 1224 2293 non
1280 2260 1390 2293 esse
1428 2244 1582 2294 finem
1633 2251 1838 2296 naturae
1863 2281 1877 2303 ‚
1917 2244 2002 2310 qui
2044 2245 2230 2295 dicitur
2266 2243 2404 2294 velle
2444 2260 2569 2294 esse-

444 2325 491 2375 Si
532 2326 663 2374 enim
703 2329 835 2374 Deus
873 2341 968 2374 non
1009 2325 1166 2374 vellet
1203 2324 1619 2389 impedimentum
1657 2324 1773 2376 finis
1801 2362 1816 2386 ,
1857 2332 2010 2391 prout
2046 2342 2143 2375 non
2164 2325 2348 2385 veliet3
2389 2342 2571 2390 seque-

443 2411 581 2455 retur
618 2406 679 2454 ad
718 2422 814 2455 non
851 2406 1020 2464 velle,
1060 2405 1179 2454 nihil
1217 2407 1280 2456 de
1318 2406 1686 2471 impedimento
1726 2412 1962 2466 curaret,
1998 2406 2102 2456 sive
2142 2413 2303 2465 esset,
2342 2407 2446 2456 sive
2471 2423 2571 2456 non

446 2493 595 2536 esset.
636 2487 733 2535 Sed
770 2488 852 2551 qui
891 2487 1310 2551 impedimentum
1350 2503 1447 2536 non
1484 2494 1658 2547 curat,
1697 2505 1802 2537 rem
1844 2503 1974 2553 quae
2015 2493 2179 2553 potest
2205 2487 2443 2552 impediri
2472 2504 2571 2538 non

445 2574 624 2626 curat,
661 2575 711 2617 et
749 2584 841 2632 per
879 2584 1232 2633 consequens,
1289 2585 1389 2618 non
1428 2569 1585 2621 habet
1633 2571 1685 2618 in
1722 2569 2021 2627 voluntatet,
2062 2574 2110 2618 et
2147 2568 2283 2632 quod
2322 2570 2435 2633 quis
2471 2586 2569 2620 non

443 2651 604 2701 hahet
637 2651 688 2700 in
723 2650 1012 2709 voluntate,
1063 2666 1160 2701 non
1198 2650 1322 2701 vult.
1374 2656 1586 2716 Propter
1642 2652 1811 2717 quod,
1853 2653 1892 2700 si
1931 2649 2043 2700 finis
2088 2646 2291 2700 naturae
2328 2651 2572 2716 impediri

446 2739 648 2796 potest,
687 2732 822 2797 quod
859 2738 1059 2797 potest3
1097 2732 1161 2782 de
1199 2731 1500 2782 necessitate
1537 2732 1801 2799 seqnitur,
1841 2732 1976 2798 quod
2016 2737 2149 2781 Deus
2175 2730 2329 2781 finem
2365 2738 2569 2784 naturae

445 2828 542 2861 non
579 2812 716 2871 vult3
756 2818 805 2863 et
839 2813 912 2862 sic
937 2814 986 2879 c)
1013 2811 1242 2878 sequitur
1280 2812 1414 2878 quod
1450 2812 1614 2878 prius,
1656 2812 1897 2864 videlicet
1931 2819 2089 2863 Deum
2130 2811 2267 2863 velle
2307 2813 2443 2877 quod
2473 2829 2569 2862 non

446 2894 570 2946 vult.
630 2894 963 2945 Verissimum
1003 2894 1156 2959 igitur
1193 2898 1268 2943 est
1303 2891 1431 2943 illud
1468 2892 1809 2960 principium,
1867 2909 1934 2944 ex
1981 2892 2127 2961 cujus
2175 2891 2569 2944 contradictorio

447 2981 548 3024 tam
597 2976 817 3026 absurda
841 2981 1132 3042 sequuntur.

506 3182 550 3235 a)
583 3185 692 3226 Cod.
724 3184 818 3226 Vat.
846 3185 1126 3237 praestantur.
1596 3182 1638 3236 c)
1671 3183 1780 3228 Cod.
1811 3185 1907 3230 Vat.
1928 3181 2134 3238 praebuit
2163 3183 2290 3227 nobis
2311 3192 2462 3235 praep.
2484 3182 2567 3226 sic.

507 3239 546 3292 b)
580 3241 688 3283 Cod.
721 3242 814 3285 Vat.
843 3244 970 3285 addit
999 3243 1058 3286 id.
