2696 4230
393 177 454 225 10
1050 192 1118 227 DE
1154 183 1464 231 MoNAncmA
1498 183 1605 230 Lm.
1641 184 1681 242 Ι,
1717 180 1768 233 C.
1805 186 1858 233 V.

388 273 807 339 apprehensivum
837 310 852 334 ‚
890 276 1006 342 quia
1045 278 1119 328 sic
1157 288 1207 331 et
1244 297 1272 331 a
1308 283 1471 336 brutis
1520 287 1881 352 participatur:
1917 286 2008 338 sed
2057 303 2168 339 esse
2221 294 2507 356 apprehen-

389 356 553 405 sivum
592 373 683 422 per
719 355 1038 407 intellectum
1079 362 1419 425 possibilem3
1458 368 1594 432 quod
1630 369 1837 433 quidem
1877 385 1989 420 esse
2026 370 2152 419 nulli
2190 371 2253 421 ab
2301 372 2506 424 homine

389 435 488 485 alio
522 437 765 500 competit
803 436 885 484 vel
925 451 1077 501 supra
1112 439 1195 488 vel
1229 441 1383 493 infra.
1417 450 1542 496 Nam
1582 448 1673 496 etsi
1713 448 1841 499 aliae
1868 453 1979 499 sunt
2005 448 2253 498 essentiae
2282 450 2508 502 intellec·

390 521 497 563 tum
532 515 932 581 participantes3
972 530 1070 564 non
1107 523 1272 568 tamen
1309 521 1598 574 intellectus
1637 542 1809 577 earum
1849 534 1925 579 est
1957 527 2236 593 possibiliS‚
2264 536 2319 579 ut
2349 530 2513 581 homi-

397 596 513 644 nis:
553 596 671 660 quia
708 595 960 644 essentiae
997 595 1124 647 tales
1160 600 1353 662 species
1390 604 1637 666 quaedam
1679 614 1793 656 sunt
1844 606 2215 657 intellectuales
2245 644 2259 665 ,
2313 614 2364 658 θῖ
2416 625 2512 660 non

393 676 530 725 aliud
556 697 566 723 ε
610 682 659 725 θῖ
694 691 869 725 earum
907 694 1018 727 esse
1057 677 1125 726 nil
1163 679 1299 729 aliud
1333 689 1424 741 est,
1449 696 1616 747 ‘quam
1647 684 1934 751 intelligere
1960 687 2083 751 quid
2111 688 2350 751 estquod
2379 696 2511 740 sunt:

394 759 530 824 quod
568 758 676 808 sine
714 758 1142 825 interpolatione3
1179 761 1327 812 aliter
1365 764 1709 828 sempiternae
1744 780 1843 814 non
1902 771 2085 815 essent.
2141 771 2282 816 Patet
2328 767 2515 833 igitur,

390 842 526 907 quod
566 840 799 891 ultimum
839 842 902 892 de
939 841 1156 907 potentia
1193 841 1348 907 ipsius
1384 842 1708 895 humanitatis
1735 880 1750 902 ,
1788 850 1866 894 est
1919 844 2141 908 potentia
2196 845 2299 895 sive
2350 847 2512 899 virtus

388 923 717 973 intellectiva.
754 928 818 974 Et
854 922 971 989 quia
1008 922 1236 989 potentia
1273 923 1369 974 ista
1404 940 1497 988 per
1533 939 1686 973 uuum
1725 923 2005 985 hominem,
2045 940 2133 974 seu
2165 940 2255 990 per
2291 925 2516 991 aliquam

390 1005 774 1071 particularium
812 1005 1230 1056 communitatum
1267 1005 1499 1071 superius
1538 1005 1917 1066 distinctarum,
1954 1011 2054 1056 tota
2082 1005 2236 1055 simul
2269 1007 2318 1056 in
2347 1014 2516 1059 actum

391 1086 566 1138 reduci
604 1102 700 1137 non
739 1092 939 1152 potest3
978 1101 1189 1135 necesse
1227 1090 1304 1135 est
1340 1085 1715 1137 multitudinem
1757 1101 1869 1136 esse
1916 1087 1967 1135 in
2013 1084 2231 1135 humano
2284 1103 2470 1153 genere
2497 1126 2512 1150 ,

387 1183 480 1231 per
521 1183 667 1233 quam
710 1166 915 1231 quidem
943 1171 1041 1215 tota
1080 1165 1300 1230 potentia
1339 1164 1467 1215 haec
1505 1170 1750 1216 actuetur.
1791 1164 1928 1215 Sicut
1965 1180 2168 1216 necesse
2195 1173 2272 1217 est
2299 1167 2520 1220 multitu-

389 1249 557 1298 dinem
596 1265 768 1300 rerum
809 1245 1179 1314 generabilium
1203 1283 1218 1304 ‚
1257 1253 1309 1297 ut
1343 1246 1567 1313 potentia
1603 1253 1707 1297 tota
1737 1248 1982 1297 materiae
2008 1247 2197 1313 primae
2221 1249 2276 1315 a)
2314 1266 2517 1316 semper

390 1329 485 1381 sub
524 1335 638 1380 actu
676 1330 777 1380 sit:
821 1328 968 1380 aliter
1007 1334 1141 1379 esset
1177 1327 1302 1377 dare
1341 1327 1612 1393 potentiam
1650 1334 1971 1392 separatam;
2016 1327 2151 1393 quod
2202 1334 2278 1378 est
2329 1330 2519 1397 impos-

390 1411 558 1462 sibile.
596 1416 661 1463 Et
700 1411 817 1461 huic
857 1409 1134 1462 sententiae
1169 1409 1445 1461 concordat
1480 1408 1718 1459 Averrois
1744 1443 1758 1466 ,
1796 1408 1847 1456 in
1901 1411 2195 1460 Commento
2248 1427 2400 1476 super
2451 1413 2514 1464 iis

392 1510 523 1560 quae
559 1499 614 1542 de
648 1494 858 1544 Anima:
895 1491 1119 1557 potentia
1155 1490 1305 1542 etiam
1341 1489 1682 1550 intellectiva,
1718 1490 1780 1540 de
1821 1492 1918 1556 qua
1957 1489 2172 1555 loquor,
2211 1507 2307 1541 non
2347 1492 2514 1543 solum

391 1582 468 1626 est
503 1574 566 1625 ad
603 1573 798 1626 formas
834 1572 1147 1623 universales
1170 1609 1185 1632 ‚
1223 1577 1307 1622 aut
1343 1570 1542 1636 species
1566 1606 1581 1629 ‚
1618 1570 1709 1620 sed
1750 1575 1799 1620 et
1837 1586 1927 1636 per
1966 1571 2216 1636 quandam
2269 1575 2520 1626 extensio-

388 1673 507 1706 nem
546 1658 607 1707 ad
647 1654 992 1723 particulares.
1030 1653 1169 1704 Unde
1196 1653 1327 1703 solet
1352 1651 1473 1710 diei,
1499 1652 1636 1716 quod
1669 1651 1957 1702 intellectus
1984 1652 2320 1717 speculativus
2346 1661 2517 1705 exten-

391 1740 528 1790 sione
565 1737 620 1788 fit
656 1737 945 1804 practicus3
985 1735 1127 1802 cujus
1161 1732 1277 1783 finis
1301 1738 1373 1783 est
1396 1749 1545 1799 agere
1581 1741 1735 1797 atque
1772 1730 1960 1783 facere.
1994 1735 2135 1792 Quod
2163 1734 2274 1786 dico
2308 1742 2518 1801 propter

391 1819 632 1886 agibilia,
670 1834 798 1884 quae
836 1815 1040 1882 politica
1079 1813 1347 1880 prudentia
1381 1812 1716 1880 regulantur;
1756 1821 1805 1866 θῖ
1843 1820 2049 1880 propter
2087 1814 2354 1876 factibilia,
2382 1833 2515 1883 quae

394 1901 685 1968 regulantur
724 1907 833 1950 arte
873 1898 959 1965 b);
996 1897 1012 1915 *
1041 1912 1170 1962 quae
1197 1895 1366 1945 omnia
1402 1895 1728 1959 speculationi
1768 1896 2070 1947 ancillantur
2118 1903 2351 1961 tanquam
2392 1898 2518 1963 opti-

392 1999 495 2042 mo,
520 1981 581 2030 ad
612 1981 747 2047 quod
789 1979 1066 2029 humanum
1107 1993 1264 2042 genus
1300 1975 1467 2026 Prima
1505 1976 1708 2027 Bonitas
1742 1976 1793 2027 in
1831 1994 1943 2028 esse
1982 1977 2216 2043 produxit
2238 1979 2270 2030 ⁸.
2302 1983 2378 2028 Ex
2417 1994 2518 2043 quo

386 2065 491 2130 jam
528 2061 798 2112 innotescit
833 2058 963 2111 illud
998 2062 1253 2118 Ponticae,
1289 2054 1548 2107 intellectu
1587 2056 1783 2110 scilicet
1817 2056 2050 2125 vigentes
2086 2056 2200 2107 aliis
2226 2056 2519 2109 naturaliter

392 2142 665 2210 principari
706 2142 772 2210 c).

1309 2478 1506 2527 CAPUT
1547 2478 1603 2526 V.

464 2635 589 2687 Satis
624 2635 778 2703 igitur
814 2635 1131 2686 declaratum
1169 2636 1281 2692 est,
1319 2634 1454 2700 quod
1492 2633 1752 2699 proprium
1790 2649 1916 2699 opus
1950 2634 2158 2685 humani
2202 2636 2401 2703 generis
2446 2638 2520 2686 to-

400 2715 568 2767 taliter
603 2716 820 2781 accepti‚
859 2724 939 2768 est
975 2721 1176 2765 actuare
1217 2729 1420 2779 semper
1447 2718 1600 2763 totam
1631 2713 1904 2779 potentiam
1930 2713 2213 2786 intellectus
2247 2714 2520 2780 possibiliS‚

401 2814 492 2864 per
529 2797 669 2863 prius
706 2799 768 2850 ad
807 2796 1167 2863 speculandum
1198 2832 1212 2854 ‚
1248 2800 1299 2845 et
1335 2794 1635 2845 secundario
1682 2800 1888 2860 propter
1941 2794 2041 2845 hoc
2094 2794 2158 2845 ad
2212 2796 2523 2862 operandum

397 2892 493 2942 per
530 2893 672 2927 suam
711 2878 1074 2928 extensionem.
1110 2880 1172 2926 Et
1208 2874 1365 2939 quia,
1402 2874 1831 2939 quemadmodum
1871 2880 1947 2925 est
1981 2875 2031 2924 in
2071 2881 2237 2942 parte,
2265 2877 2337 2926 sic
2372 2877 2525 2927 estin

398 2962 539 3015 tot03
579 2965 629 3007 et
664 2957 715 3006 in
753 2955 961 3007 homine
1003 2953 1297 3020 particulari
1337 2953 1618 3020 contingit„
1656 2953 1791 3018 quod
1833 2954 2055 3006 sedendo
2109 2962 2158 3006 et
2213 2957 2525 3022 quiescendo

401 3035 670 3102 prudentia
705 3041 754 3086 et
790 3035 1037 3099 sapientia
1073 3033 1186 3098 ipse
1224 3031 1522 3100 perficitur:
1562 3040 1741 3098 patet,
1779 3034 1916 3100 quod
1952 3051 2107 3103 genus
2148 3035 2428 3087 humanum
2471 3039 2523 3087 in

402 3115 569 3179 quiete
607 3115 712 3165 sive
748 3113 1110 3177 tranquillitate
1149 3114 1285 3178 pacis
1323 3111 1385 3161 ad
1424 3113 1685 3178 proprium
1726 3130 1870 3164 suum
1911 3132 2070 3182 opuS‚
2111 3116 2247 3181 quod
2293 3116 2402 3167 fere
2453 3117 2527 3168 di-

400 3195 569 3246 vinum
611 3204 689 3246 est
726 3195 904 3262 (juxta
942 3195 1092 3245 illud:
1128 3198 1353 3246 Minuisti
1390 3211 1495 3243 eum
1529 3198 1672 3255 paulo
1711 3199 1871 3245 minus
1899 3200 1955 3245 ab
1981 3201 2162 3259 anyelis
2183 3197 2224 3265 ),
2262 3197 2524 3249 liberrime

403 3281 554 3340 atque
595 3274 836 3325 facillime
874 3293 927 3326 se
969 3276 1139 3326 habet.
1176 3275 1314 3327 Unde
1353 3273 1672 3324 manifestum
1714 3283 1811 3336 est,
1837 3277 1973 3343 quod
1998 3295 2098 3343 pax
2123 3279 2423 3330 universalis
2446 3284 2523 3330 est

402 3355 652 3422 optimum
689 3372 901 3415 eorum,
945 3373 1076 3421 quae
1114 3357 1179 3407 ad
1215 3364 1438 3408 nostram
1481 3356 1847 3408 beatitudinem
1895 3358 2211 3411 ordinantur.
2249 3359 2379 3410 Hinc
2417 3364 2527 3419 est,

455 3549 499 3602 a)
531 3552 750 3594 Codvat.
771 3549 906 3603 prave
925 3551 1172 3593 -mediante
1194 3552 1419 3603 potestate.
1493 3552 1609 3595 inter
1641 3553 1878 3595 asteriscos
1907 3554 1923 3573 ·
1945 3554 1978 3597 ·.

462 3607 502 3661 b)
535 3610 578 3649 in
599 3609 707 3651 Cod.
732 3609 824 3652 Vat.
848 3609 1161 3652 desiderantur
1182 3619 1298 3660 quae
1320 3610 1425 3651 sunt
1547 3609 1589 3662 c)
1621 3609 1671 3651 In
1692 3610 1801 3653 Cod.
1826 3611 1935 3654 ven.
1967 3610 2146 3655 additur
2165 3607 2312 3664 marg-²
2340 3609 2525 3654 Baldus.
