2696 4230
441 235 513 280 99.
1068 248 1135 282 ΒΕ
1173 238 1485 283 MoNAucmA
1523 237 1626 283 Lm.
1666 240 1756 293 111,
1795 240 1847 285 C.
1872 241 1956 285 IX.

445 330 579 389 dico,
619 334 752 398 quod
783 334 878 382 boc
905 335 1098 398 signum
1139 334 1424 383 universale
1463 335 1630 394 Omne,
1669 338 1806 402 quod
1833 336 2108 388 includitur
2141 339 2189 388 in
2217 341 2572 410 quodcunque,

445 424 702 475 nunquam
730 412 987 460 distribuit
1015 418 1160 461 extra
1187 411 1433 461 ambitum
1454 414 1508 478 ce)
1527 414 1730 464 termini
1759 416 2036 466 distributi.
2067 423 2189 468 Nam
2216 418 2255 467 si
2278 418 2583 478 dico,Omne

442 490 628 540 animal
666 492 845 547 currit3
885 490 1034 539 Omne
1070 491 1333 544 distribuit
1372 509 1462 557 pro
1515 496 1651 544 omni
1692 514 1773 555 eo,
1822 497 1957 561 quod
2001 499 2094 547 sub
2146 516 2332 565 genere
2373 501 2579 551 animali

439 568 907 633 comprehenditur.
949 569 1001 618 si
1039 574 1159 618 vero
1187 570 1335 620 dico:
1377 574 1549 622 Omnis
1591 573 1746 623 homo
1785 577 1962 634 currit3
2002 582 2116 627 tunc
2156 580 2353 644 signum
2382 581 2582 630 univer-

433 648 539 695 sale
578 663 673 696 non
713 648 1004 707 distribuit,
1041 651 1138 699 nisi
1178 668 1270 715 pro
1310 653 1580 720 suppositis
1607 655 1759 721 hujus
1785 657 2004 715 termini,
2031 660 2191 708 homo.
2219 661 2414 708 Etcum
2446 660 2578 709 dico:

435 725 604 774 Omnis
643 728 1042 792 grammaticus3
1086 736 1204 779 tunc
1241 731 1535 782 distributio
1578 734 1739 797 magis
1793 742 2098 786 coarctatur.
2158 741 2374 800 Propter
2438 739 2577 801 quod

433 818 636 868 semper
672 806 950 857 videndum
992 816 1102 867 est,
1143 809 1266 874 quid
1306 816 1386 860 est
1423 810 1558 875 quod
1616 811 1809 877 signum
1861 813 2147 864 universale
2203 815 2362 866 habet
2415 815 2584 867 distri-

430 883 625 935 buere:
664 903 763 951 quo
802 888 927 947 viso,
965 887 1118 938 facile
1158 890 1424 953 apparebit
1460 898 1703 955 quantum
1743 908 1834 942 sua
1872 893 2161 943 distributio
2198 894 2452 955 dilatetur,
2498 911 2584 944 co-

430 964 569 1030 gnita
604 972 783 1017 natura
823 974 870 1016 et
896 969 1090 1018 ambitu
1122 971 1322 1019 termini
1362 971 1639 1021 distributi.
1679 973 1817 1023 Unde
1845 978 1957 1022 cum
1986 974 2191 1032 dicitur,
2234 979 2576 1038 Quodcumque

430 1048 704 1105 liyaveri35
743 1047 781 1096 si
826 1047 920 1097 hoc
962 1051 1301 1109 Quodcumque
1340 1055 1626 1100 sumeretur
1664 1051 1915 1110 absolute,
1950 1067 2128 1100 verum
2167 1058 2299 1102 esset
2329 1054 2463 1118 quod
2504 1055 2581 1103 di-

430 1130 588 1182 eunt3
629 1130 676 1174 et
714 1141 810 1174 non
851 1126 1015 1175 solnm
1054 1125 1150 1177 hoc
1187 1125 1359 1177 facere
1399 1134 1608 1192 posset,
1645 1131 1766 1194 quin
1804 1132 1960 1179 etiam
2016 1132 2216 1180 solvere
2277 1148 2492 1182 uxorem
2550 1149 2579 1183 a

430 1204 578 1263 viro,
617 1212 668 1254 et
707 1205 866 1271 ligare
903 1207 1064 1271 ipsam
1107 1207 1274 1267 alteri,
1311 1209 1515 1259 vivente
1552 1209 1759 1274 prim03
1800 1211 1936 1276 quod
1988 1211 2128 1260 nullo
2179 1212 2332 1261 modo
2387 1219 2573 1277 potest.

430 1290 605 1336 Posset
644 1286 794 1336 etiam
835 1287 1035 1338 solvere
1074 1304 1155 1338 me
1194 1306 1291 1337 non
1330 1290 1698 1354 poenitentem,
1739 1292 1874 1355 quod
1918 1293 2069 1343 etiam
2108 1293 2281 1343 facere
2305 1293 2416 1358 ipse
2440 1299 2574 1343 Deus

427 1380 525 1413 non
564 1374 749 1429 posset.
789 1371 911 1417 Cslrn
952 1384 1074 1434 ergo
1111 1369 1183 1416 ita
1220 1367 1299 1426 sit,
1336 1368 1661 1420 manifestum
1701 1376 1809 1430 est,
1865 1372 2013 1436 quod-
2061 1387 2157 1420 non
2215 1371 2450 1423 absolute
2494 1388 2575 1422 su-

427 1444 611 1492 menda
649 1453 723 1496 est
758 1446 844 1495 illa
882 1447 1197 1506 distributio,
1235 1448 1324 1498 sed
1367 1451 1652 1512 respective
1690 1449 1753 1498 ad
1807 1449 2017 1515 aliquid.
2072 1449 2205 1509 Quid
2262 1456 2428 1501 autem
2489 1451 2576 1500 illa

427 1524 680 1587 respiciat,
718 1527 838 1575 satis
877 1534 953 1576 est
991 1526 1223 1586 evidens,
1257 1527 1573 1577 considerato
1608 1526 1697 1576 illo
1736 1527 1872 1592 quod
1909 1527 2005 1577 sihi
2043 1528 2380 1587 conceditur,
2439 1530 2575 1579 circa

427 1604 561 1667 quod
598 1604 689 1654 illa
729 1605 1023 1656 distributio
1061 1606 1400 1672 subjungitur.
1441 1606 1568 1656 Dicit
1606 1607 1739 1655 enim
1780 1606 2013 1656 Christus
2054 1612 2238 1656 Petro:
2295 1609 2404 1655 Tibe·
2456 1612 2576 1656 dabo

426 1687 589 1731 clares
627 1690 768 1745 ream·
801 1691 1079 1745 coelorum,
1135 1686 1238 1735 hoc
1291 1692 1399 1735 est:
1454 1688 1661 1734 Faciam
1713 1694 1758 1733 te
1810 1689 2073 1734 ostiarium
2129 1688 2267 1745 requi
2308 1688 2572 1735 coelorum.

425 1763 619 1812 Deinde
661 1766 842 1814 subdit:
880 1768 950 1812 Et
982 1775 1333 1826 quodcunqu03
1374 1765 1510 1830 quod
1548 1774 1624 1816 est
1664 1765 1813 1813 Omne
1852 1771 2012 1828 quod:
2066 1764 2118 1813 id
2167 1771 2284 1824 est,
2322 1767 2390 1813 Et
2438 1783 2579 1816 omue

424 1848 552 1904 quod
601 1850 665 1893 ad
701 1849 834 1894 istud
871 1849 1083 1907 officium
1121 1850 1387 1907 spectabit,
1425 1852 1611 1896 solvere
1646 1851 1823 1906 poteris
1861 1856 1909 1894 et
1944 1851 2117 1905 lz'yare.
2168 1849 2232 1895 Et
2268 1846 2339 1895 sic
2376 1846 2573 1912 signum

424 1925 740 1985 universale,
780 1926 914 1990 quod
954 1926 1233 1976 includitur
1269 1926 1316 1975 iu
1357 1929 1719 1988 Quodcunque,
1757 1927 2076 1978 contrahitur
2124 1927 2174 1976 in
2212 1931 2301 1977 sua
2338 1926 2579 1978 distribu-

429 2006 573 2069 tione
612 2006 676 2055 ab
719 2007 885 2057 officio
924 2007 1142 2056 clavium
1185 2009 1328 2075 regni
1369 2008 1646 2059 coelorum.
1686 2011 1747 2058 Et
1771 2008 1845 2058 sic
1871 2007 2200 2066 assumendo,
2240 2025 2359 2057 vera
2388 2014 2463 2058 est
2489 2008 2577 2059 illa

425 2085 743 2149 propositi03
785 2086 1017 2136 absolute
1053 2093 1172 2138 vero
1212 2103 1331 2144 non,
1369 2093 1424 2137 ut
1461 2092 1610 2149 patet.
1649 2091 1712 2136 Et
1747 2086 1862 2135 ideo
1899 2086 2035 2145 dien,
2073 2085 2210 2150 quod
2239 2086 2331 2135 etsi
2373 2103 2578 2138 succes·

425 2179 509 2212 sor
550 2165 707 2222 Petri,
744 2166 1021 2216 secundum
1061 2167 1371 2232 exigentiam
1400 2166 1554 2215 officii
1582 2165 1839 2215 commissi
1877 2171 2048 2222 Petr0‚
2086 2164 2242 2228 possit
2281 2164 2481 2216 solvere
2529 2172 2578 2217 et

424 2243 631 2309 ligare,
672 2261 768 2294 non
806 2253 978 2296 tamen
1023 2255 1233 2311 propter
1270 2247 1371 2298 hoc
1407 2247 1659 2311 sequitur,
1696 2245 1831 2311 quod
1866 2246 2026 2310 possit
2052 2245 2255 2294 solvere
2292 2261 2380 2295 seu
2418 2246 2577 2312 ligare

428 2323 637 2373 decreta
678 2325 932 2389 Imperii,
971 2325 1077 2374 sive
1116 2326 1290 2390 legeS,
1326 2333 1378 2375 ut
1411 2325 1508 2391 ipsi
1549 2325 1819 2375 dicebant:
1855 2324 1951 2373 nisi
1990 2324 2199 2374 ulterius
2239 2324 2538 2389 probaretur
2563 2362 2578 2384 ‚

429 2402 528 2453 hoc
568 2413 803 2470 spectare
839 2407 901 2455 ad
940 2406 1160 2456 officium
1201 2405 1463 2464 clavium3
1503 2405 1647 2471 cujus
1683 2407 1990 2455 contrarium
2028 2404 2242 2455 inferius
2279 2404 2575 2455 ostenditur.

1337 2650 1540 2696 CAPUT
1593 2651 1675 2696 tx.

496 2883 770 2948 Accipiunt
808 2883 957 2933 etiam
998 2881 1125 2933 illud
1164 2888 1348 2941 Lucae,
1388 2882 1522 2948 quod
1561 2888 1744 2932 Petrus
1779 2882 1903 2932 dicit
1940 2881 2162 2941 ChristO,
2200 2896 2317 2932 cum
2344 2879 2445 2932 ait:
2483 2883 2575 2929 Ec·

424 2982 472 3013 ce
514 2973 608 3014 duo
647 2968 804 3026 yladii
838 2967 955 3021 hic,-
994 2973 1046 3016 et
1085 2966 1273 3023 dicunt,
1314 2963 1450 3029 quod
1494 2979 1587 3028 per
1621 2962 1739 3012 illos
1775 2963 1902 3012 duos
1942 2961 2138 3027 gladios
2177 2962 2277 3011 duo
2316 2960 2573 3025 praedicta

424 3046 681 3111 regimina
717 3044 1079 3111 intelliguntur
1106 3064 1125 3103 ,-
1162 3062 1290 3111 quae
1331 3046 1570 3110 quoniam
1610 3050 1790 3094 Petrus
1829 3043 1957 3093 dixit
1995 3059 2110 3092 esse
2144 3043 2217 3092 ibi
2245 3081 2259 3102 ,
2299 3042 2387 3091 ubi
2429 3048 2573 3100 erat,

422 3128 523 3176 hoc
565 3136 644 3179 est
681 3127 812 3191 apud
852 3143 936 3177 se·
976 3128 1107 3178 unde
1147 3134 1383 3192 arguunt,
1419 3125 1510 3174 illa
1548 3125 1646 3174 duo
1682 3124 1952 3191 regimina,
1989 3124 2266 3174 secundum
2307 3122 2575 3173 auctorita-

423 3216 552 3264 tem,
592 3207 724 3269 apud
764 3222 1116 3257 successorem
1157 3205 1291 3257 Petri
1332 3205 1624 3255 consistere.
1675 3208 1740 3252 Et
1777 3204 1838 3252 ad
1889 3203 1984 3252 boc
2023 3202 2332 3260 dicendum,
2372 3216 2463 3267 per
2498 3201 2573 3249 in·

422 3287 792 3351 teremptionen
828 3305 1003 3337 sensus
1031 3324 1046 3345 ,
1084 3289 1133 3337 in
1173 3305 1274 3353 quo
1313 3285 1555 3338 fundatur
1592 3289 1966 3351 argumentum.
2022 3283 2204 3333 Dicunt
2241 3283 2372 3332 enim
2400 3320 2415 3340 ,
2458 3282 2574 3330 illos

424 3367 552 3416 duos
590 3366 805 3432 gladios,
846 3383 974 3430 quos
1002 3366 1338 3431 assignaverit
1362 3371 1564 3423 Petrus,
1602 3365 1702 3414 duo
1730 3362 1957 3429 praefata
1987 3362 2235 3428 regimina
2272 3362 2569 3426 importare:

425 3446 559 3511 quod
600 3447 807 3495 omnino
846 3446 1136 3510 negandum
1178 3453 1295 3501 est,
1334 3451 1439 3492 tum
1479 3443 1595 3507 quia
1635 3443 1719 3492 illa
1757 3441 2022 3506 responsio
2052 3457 2149 3490 non
2185 3440 2366 3491 fuisset
2399 3440 2461 3488 ad
2498 3439 2572 3487 in-

425 3527 707 3577 tentionem
747 3524 970 3583 Christi,
1007 3531 1111 3573 tum
1154 3526 1269 3590 quia
1309 3530 1488 3573 Petrus
1527 3524 1592 3571 de
1632 3539 1776 3571 more
1816 3520 1982 3572 subito
2010 3523 2353 3587 respondebat
2388 3518 2452 3569 ad
2491 3534 2569 3568 re-

481 3711 526 3762 a)
563 3713 675 3754 Vide
708 3712 819 3752 intra
853 3711 910 3750 tin
957 3711 994 3750 9.
1032 3710 1192 3750 Versio
1225 3709 1364 3750 Fieini
1399 3708 1646 3757 concord-at
1678 3709 1721 3747 iu
1757 3706 1863 3747 Cod.
1902 3707 1946 3746 L.
