2696 4230
369 175 433 220 145
1004 185 1070 217 nu
1110 175 1419 218 monacum
1460 172 1563 216 Lm.
1606 172 1670 223 11,
1711 169 1759 215 C.
1801 172 1878 215 IV.

365 270 481 334 jure
512 268 608 316 suit
634 272 683 334 a)
712 275 760 319 et
785 274 878 318 cst.
906 267 1049 326 Quod
1077 271 1264 324 autem,
1289 282 1382 330 pro
1410 271 1634 315 Romano
1661 263 1880 329 Imperio
1906 260 2243 328 perficiendO,
2268 265 2516 316 miracula

371 354 500 397 Deus
520 350 833 412 protenderit
855 353 924 414 b),
950 346 1226 395 illustrium
1248 346 1521 396 authorum
1543 344 1845 395 testimoniis
1870 343 2246 406 comprobatur.
2268 349 2392 394 Nam
2419 346 2514 396 sub

371 432 538 479 Numa
573 429 851 494 Pompilio,
891 427 1112 475 secundo
1152 434 1498 477 Romanorum
1538 440 1682 489 rege,
1711 424 1806 473 ritu
1835 423 2106 475 Gentilium
2148 421 2468 477 sacrificante
2501 461 2516 483 ,

371 509 539 557 ancile
578 510 643 558 de
683 509 831 558 coelo
868 508 916 556 in
955 507 1137 555 urbem
1178 523 1202 555 a
1241 512 1345 556 Deo
1384 506 1596 555 electam
1633 505 1895 569 delapsum
1932 504 2111 561 fuisse,
2150 503 2389 553 Liviusin
2417 507 2518 571 pri·

371 592 455 637 ma
492 592 636 650 parte
675 592 899 637 testatur.
949 586 1101 651 Cujus
1140 585 1371 635 miraculi
1410 590 1639 634 Lucanus
1675 583 1725 632 in
1762 601 1893 634 nono
1928 588 2221 634 Pharsaliae
2261 585 2513 642 meminil;

369 665 733 715 incredibilem
785 666 887 715 vim
942 663 1135 724 austri,
1187 680 1340 731 quam
1385 664 1556 732 'Libya
1611 664 1834 729 patitur,
1880 665 1954 715 ibi
1991 666 2321 722 describen33
2361 664 2429 716 ait
2469 680 2519 714 e-

371 759 478 792 mm
519 758 624 793 sic:

1006 861 1017 871 .
1094 824 1173 873 Sic
1212 826 1305 872 illa
1340 826 1559 887 profecto

653 903 883 962 Sacrifico
925 906 1167 950 caecidere
1207 904 1394 952 Numae
1416 938 1431 959 ,
1470 917 1591 965 quae
1623 905 1747 952 lecta
1774 908 2010 966 Juvenlus

645 983 869 1029 Patricia
905 984 1090 1029 cervice
1129 990 1315 1031 movet:
1352 986 1657 1042 spoliaverat
1682 978 1885 1040 Auster,

644 1059 739 1107 Aut
775 1063 953 1107 Boreas
989 1063 1188 1119 populos
1225 1064 1412 1110 ancilia
1448 1068 1617 1109 nostra
1649 1064 1877 1123 ferentes.

373 1144 605 1205 Cumque
642 1139 771 1191 Galli
800 1176 814 1196 ,
852 1140 1051 1203 reliqua
1086 1139 1216 1188 urbe
1247 1141 1352 1207 jam
1386 1145 1569 1205 capta,
1605 1145 1768 1192 noctis
1807 1140 2035 1191 tenebris
2062 1139 2276 1198 confisi,
2316 1139 2517 1205 Capito-

369 1219 495 1269 lium
535 1220 707 1268 furtim
746 1218 1017 1275 subirent3
1071 1219 1204 1283 quod
1260 1219 1424 1269 solum
1465 1220 1689 1272 restabat
1744 1221 1806 1270 ad
1843 1221 2077 1270 ultimum
2115 1219 2380 1270 interitum
2419 1225 2519 1270 Ro-

370 1301 509 1349 mani
548 1301 805 1357 nominis3
846 1315 1110 1357 anserem,
1147 1300 1220 1348 ibi
1260 1317 1358 1350 non
1398 1307 1509 1349 ante
1546 1300 1740 1360 visum,
1779 1302 2057 1359 cecinisse,
2096 1300 2264 1351 Gallos
2301 1300 2517 1357 adesse,

371 1386 524 1446 atque
563 1383 798 1431 custodes
835 1380 900 1429 ad
948 1379 1315 1430 defensandum
1371 1381 1673 1445 Capitolium
1727 1382 2010 1440 excitasse,
2061 1381 2231 1430 Livius
2270 1386 2319 1430 et
2366 1378 2520 1430 multi

372 1462 651 1526 scriptores
690 1463 918 1512 illustres
957 1461 1276 1511 concorditer
1315 1467 1674 1512 contestantur.
1714 1464 1868 1529 Cujus
1913 1463 1988 1512 rei
2028 1478 2227 1511 memor
2276 1459 2369 1510 fuit
2396 1466 2524 1510 Poe·

372 1549 420 1592 ta
460 1549 658 1601 noster,
698 1549 807 1594 cum
848 1542 1090 1611 clypeum
1129 1547 1312 1591 AEneae
1351 1542 1670 1593 describeret
1705 1542 1753 1591 in
1793 1548 2018 1603 octavo;
2056 1543 2188 1593 canit
2223 1541 2357 1592 enim
2408 1540 2519 1591 sic:

647 1627 709 1671 In
745 1640 932 1673 summo
972 1631 1132 1672 eustos
1179 1626 1411 1685 Tarpejcze
1446 1624 1663 1671 Manlius
1701 1628 1827 1672 arcis

654 1703 829 1749 Stabat
864 1715 946 1761 pro
988 1703 1198 1761 templo,
1239 1708 1282 1747 et
1322 1701 1569 1760 Capitolia
1606 1705 1737 1750 celsa
1775 1706 1982 1761 tenebat,

647 1782 982 1838 Romuleoque
1020 1794 1183 1828 recens
1222 1783 1451 1827 horrebat
1491 1780 1622 1839 re92'a
1657 1784 1836 1830 culmo·

658 1860 814 1919 Atque
850 1859 929 1906 hic
968 1861 1161 1905 auratis
1184 1848 1412 1906 ⁸volitans
1447 1865 1709 1917 argenteus
1748 1876 1891 1910 anser

652 1941 969 1995 Porticibus,
1011 1938 1177 1986 Gallos
1213 1943 1268 1985 in
1305 1942 1475 1988 limine
1513 1942 1678 1987 adesse
1717 1944 1935 1989 canebat.

370 2023 432 2070 At
467 2021 580 2067 cum
618 2033 829 2069 romana
865 2017 1123 2076 nobilitaS,
1161 2023 1423 2083 premente
1462 2018 1736 2078 Annibale,
1762 2019 1834 2070 sic
1863 2019 2103 2079 caderet,
2138 2024 2193 2070 ut
2228 2019 2290 2068 ad
2318 2017 2524 2071 finalem

373 2091 643 2147 Romanae
675 2098 749 2146 rei
789 2097 1101 2147 deletionem
1141 2113 1240 2148 non
1277 2104 1507 2156 restaret,
1540 2096 1639 2146 nisi
1665 2104 1949 2148 Poenorum
1971 2099 2184 2148 insultus
2213 2099 2275 2148 ad
2303 2099 2488 2149 urbem
2511 2134 2526 2159 ,

374 2176 545 2228 subita
583 2183 632 2227 et
666 2176 979 2227 intolerabili
1018 2177 1263 2241 grandine
1304 2177 1636 2241 proturbante
1664 2210 1679 2233 ,
1716 2177 1937 2228 victores
1965 2177 2232 2228 victoriam
2261 2179 2402 2244 sequi
2428 2194 2528 2228 non

372 2255 634 2322 potuisse,
674 2257 842 2306 Livius
876 2256 926 2304 in
973 2255 1114 2305 bello
1150 2256 1341 2306 Punico
1379 2256 1510 2305 inter
1536 2256 1633 2304 alia
1671 2263 1810 2322 gesta
1850 2257 2140 2307 conscribit.
2182 2262 2355 2307 Nonne
2394 2264 2529 2310 tran·

372 2335 498 2386 situs
535 2335 767 2386 Cloeliae
806 2334 1061 2384 mirabilis
1097 2334 1225 2392 fuit,
1265 2350 1381 2384 cum
1435 2332 1623 2383 mulier
1676 2339 1726 2383 et
1763 2335 1967 2398 captiva
2014 2334 2063 2382 in
2103 2335 2367 2383 obsidione
2407 2337 2530 2386 Por-'

373 2429 560 2466 sennae
579 2452 593 2474 ,
621 2414 854 2478 abruptis
881 2411 1096 2462 vinculis
1121 2448 1136 2470 ,
1175 2412 1303 2462 miro
1340 2411 1430 2461 Dei
1469 2411 1642 2477 adjuta
1672 2411 1870 2461 auxilio
1892 2448 1906 2469 ,
1930 2411 2261 2462 transnatavit
2281 2412 2527 2472 Tiberim,

374 2495 508 2546 sicut
546 2511 725 2544 omncs
764 2493 870 2543 fere
910 2492 1112 2543 scribae
1153 2498 1409 2543 Romanae
1445 2491 1519 2541 rei
1559 2491 1622 2540 ad
1661 2491 1874 2558 gloriam
1898 2492 2055 2557 ipsius
2082 2494 2531 2544 commemorant?

380 2575 462 2627 Sic
502 2574 653 2624 illum
691 2589 899 2640 prorsus
938 2573 1136 2636 operari
1176 2574 1423 2631 decebat,
1462 2573 1547 2639 qui
1586 2579 1767 2622 cuncta
1808 2573 1900 2623 sub
1926 2573 2118 2624 ordinis
2140 2572 2528 2636 pulchritudine

375 2656 441 2706 ab
481 2660 692 2704 aeterno
729 2651 987 2718 providit3
1023 2656 1082 2702 ut
1119 2655 1202 2717 qui
1243 2652 1464 2703 visibilis
1503 2658 1610 2702 erat
1647 2653 1892 2702 miracula
1933 2667 2026 2717 pro
2060 2651 2406 2703 invisibilibus
2450 2670 2523 2703 os-

375 2743 649 2798 tensuruS,
683 2735 821 2786 idem
859 2733 1131 2784 invisibilis
1169 2749 1263 2799 pro
1299 2732 1596 2784 visibilibus
1632 2730 1722 2782 illa
1760 2732 2070 2803 ostenderet.

434 2963 485 3012 a)
516 2963 630 3007 Cod.
663 2964 781 3006 ven.
814 2962 909 3015 sic;
941 2962 985 3004 in
1014 2961 1129 3015 vulg.
1150 2963 1329 3017 fit,non
1351 2971 1426 3004 ve·
1554 2958 1595 3014 b)
1627 2959 1696 3003 Sic
1727 2969 1833 3004 cum
1863 2962 1969 3005 edit.
2001 2971 2102 3007 ven.
2143 2953 2284 3015 ‘17803
2326 2963 2372 3006 in
2408 2964 2527 3016 vulg.

380 3016 434 3062 ro
465 3020 511 3063 in
541 3022 641 3065 flor.
671 3021 780 3063 edit.
1495 3017 1785 3069 portenderit.
2435 3049 2437 3051 -
