2696 4230
416 192 478 236 72
728 237 738 244 ,
1064 202 1134 235 DE
1170 190 1477 236 MONARCu'tA
1514 192 1617 237 Lm.
1654 195 1721 246 Π,
1759 192 1810 237 C.
1850 194 1932 238 XI.

410 285 538 334 rium
578 286 706 352 ejus,
744 303 810 337 ex
845 303 944 351 quo
980 283 1235 348 sequitur,
1276 291 1351 334 est
1377 301 1569 336 verum.
1594 288 1801 337 Falsitas
1830 289 2185 355 consequentis
2214 300 2420 356 apparot
2442 296 2531 345 sic.

413 369 532 416 Cum
572 370 704 417 enim
743 382 834 432 per
871 371 1131 430 peccatum
1170 365 1312 414 Adae
1349 383 1527 418 omnes
1566 376 1864 433 peccatores
1908 386 2156 429 essemus,
2181 371 2379 422 dicente
2405 380 2537 438 Apo-

415 445 573 496 stolo:
611 447 747 497 Sicut
782 460 873 508 per
908 459 1063 493 unum
1099 444 1355 495 hominem
1391 445 1444 494 in
1468 446 1600 496 hunc
1639 449 1880 498 mundum
1924 458 2184 515 peccatum
2227 453 2443 510 intravit,
2486 463 2535 505 et

418 542 511 590 per
531 531 789 589 peccatum
813 540 964 582 mors3
991 524 1058 573 ita
1078 523 1126 572 in
1146 540 1322 573 omnes
1344 525 1573 575 homines
1595 543 1748 585 mom,
1773 546 1838 579 ex
1858 535 1956 593 qud
1983 547 2156 579 omnes
2180 540 2535 594 peccaverunt.

418 605 465 655 Si
492 604 553 653 de
581 603 670 653 illo
687 610 891 668 peccato
909 619 1008 653 non
1026 601 1523 654 fuissetsatisfactum
1544 623 1633 670 per
1654 616 1864 656 mortem
1891 609 2097 665 Christi,
2125 609 2286 660 adhuc
2307 626 2537 661 essemus

413 683 502 731 filii
539 682 647 732 irae
684 687 859 733 natura
895 684 981 749 a);
1020 689 1193 735 natura
1243 683 1444 736 scilicet
1493 685 1784 751 depravata.
1825 686 1920 736 Sed
1969 687 2063 737 boc
2109 704 2205 737 non
2257 695 2373 745 est,
2425 694 2535 738 cum

415 763 547 813 dicat
582 764 848 830 Apostolus
885 764 949 814 ad
983 765 1234 831 Ephesios
1258 802 1273 826 ,
1311 766 1526 831 loquens
1562 768 1625 818 de
1664 775 1811 818 Patre
1845 787 1857 814 z
1901 770 1997 824 Qui
2026 774 2415 830 praedestinavit
2450 787 2539 821 nos

415 848 469 891 in
505 848 766 906 adoptione
799 850 1014 909 filiorum
1047 863 1132 907 per
1158 850 1326 896 Jesum
1354 850 1630 907 Chre'stum3
1674 853 1727 895 in
1752 851 1929 908 ipsum,
1956 854 2210 897 secundam
2241 856 2541 911 propositum

415 929 685 975 voluntatis
726 944 871 987 suae,
917 932 971 977 in
1018 931 1208 977 laudem
1249 935 1293 976 et
1340 931 1549 991 gloriam
1596 932 1784 991 gratiae
1833 944 1973 988 suae,
2020 935 2073 978 in
2110 937 2206 990 qud
2252 937 2544 995 melificavit

413 1023 503 1056 nos
540 1014 596 1058 in
629 1012 803 1060 dilecto
828 1013 961 1060 Filio
987 1026 1089 1069 suo,
1117 1014 1169 1059 in
1204 1025 1297 1071 quo
1330 1011 1553 1059 habemus
1592 1014 1971 1071 redemptionem
2005 1026 2090 1072 per
2109 1018 2391 1075 sanquinem
2419 1019 2543 1075 ejus,

411 1094 740 1139 remissionem
776 1099 1107 1152 peccatorum,
1145 1096 1406 1141 secundam
1444 1095 1649 1141 divitias
1686 1096 1874 1152 qratiae
1911 1107 2043 1151 suae,
2079 1109 2200 1155 quae
2240 1099 2544 1156 superabun-

416 1173 553 1216 davit
589 1173 642 1215 in
678 1173 833 1218 nobis.
869 1172 1004 1218 Dum
1040 1171 1190 1220 etiam
1231 1171 1490 1227 ChristuS,
1525 1172 1576 1219 in
1616 1187 1667 1220 se
1707 1172 2018 1234 punitionem
2057 1174 2286 1238 patienS,
2326 1173 2458 1224 dicat
2493 1174 2540 1222 in

419 1246 681 1307 Jobanne,
721 1251 1107 1300 Consummatum
1146 1259 1245 1310 est,
1280 1267 1396 1300 nam
1447 1251 1537 1300 ubi
1587 1258 1983 1301 consummatum
2042 1258 2161 1311 est,
2212 1251 2338 1301 nibil
2393 1258 2545 1302 restat

422 1329 690 1394 agendum.
716 1335 930 1397 Propter
964 1332 1365 1383 convenientiam
1405 1333 1702 1391 sciendum,
1740 1332 1876 1398 quod
1917 1333 2116 1397 punitio
2160 1349 2261 1383 non
2299 1340 2376 1382 est
2426 1333 2542 1382 sim-

420 1407 622 1472 pliciter
657 1426 816 1474 poena
852 1411 1084 1478 injuriam
1123 1411 1416 1472 inferentis3
1457 1413 1542 1462 sed
1581 1428 1743 1477 poena
1778 1412 1967 1463 inflicta
2005 1411 2244 1477 injuriam
2281 1410 2543 1467 inferenti,

421 1488 485 1538 ab
523 1489 746 1542 habente
777 1492 1181 1559 jurisdictionem
1220 1493 1478 1558 puniendi.
1516 1494 1674 1553 Onde,
1696 1492 1793 1543 nisi
1822 1494 1888 1542 ab
1917 1493 2358 1561 ordinariojudice
2381 1507 2541 1559 poena

416 1570 603 1620 inflicta
641 1571 720 1630 sit,
759 1572 948 1637 punitio
986 1587 1085 1623 non
1123 1578 1231 1632 est,
1271 1573 1361 1623 sed
1400 1574 1563 1639 potius
1599 1573 1779 1640 injuria
1807 1578 1880 1622 est
1906 1573 2136 1623 dicenda.
2164 1573 2307 1623 Onde
2334 1572 2543 1621 dicebat

417 1648 506 1699 ille
542 1652 734 1718 Moysi:
776 1656 895 1712 Quis
932 1661 974 1701 te
1013 1657 1263 1703 constituit
1293 1657 1504 1715 judicem
1541 1670 1686 1713 super
1721 1669 1808 1701 nos
1831 1654 1855 1701 ἱ)
1894 1653 1941 1703 Si
1987 1668 2108 1719 ergo
2145 1652 2240 1701 sub
2291 1651 2547 1701 ordinario

414 1730 587 1796 judice
628 1731 856 1781 Christus
892 1748 1069 1797 passus
1106 1749 1203 1782 non
1238 1733 1452 1792 fuisset,
1485 1734 1573 1783 illa
1620 1748 1781 1799 poena
1830 1734 2022 1798 punitio
2075 1749 2172 1782 non
2223 1731 2435 1782 fuisset:
2498 1737 2550 1781 et

416 1809 575 1875 judex
612 1810 896 1860 ordinarius
932 1828 1044 1862 esse
1083 1828 1181 1862 non
1220 1821 1445 1878 poterat,
1483 1815 1576 1864 nisi
1616 1829 1769 1879 supra
1806 1820 1964 1863 totum
1993 1813 2265 1862 humanum
2293 1829 2449 1878 genus
2468 1814 2551 1879 ju-

419 1888 763 1941 risdictionem
803 1890 993 1942 babens
1031 1892 1123 1958 b)3
1162 1897 1275 1942 cnm
1310 1902 1468 1944 totum
1508 1895 1782 1944 humanum
1828 1911 1986 1961 genus
2026 1894 2075 1942 in
2115 1910 2263 1943 carne
2289 1892 2378 1943 illa
2403 1892 2549 1951 ‚Cbrio

421 1970 478 2018 sti
517 1974 761 2036 portantis
799 1972 1006 2024 dolores
1042 1981 1235 2024 nostros
1273 1975 1351 2041 (ut
1388 1976 1455 2025 ait
1480 1975 1777 2041 Propheta),
1818 1974 1897 2024 vel
1928 1975 2241 2035 sustinentis,
2263 1974 2546 2039 puniretur.

420 2056 485 2102 Et
522 2069 676 2119 supra
724 2060 882 2105 totum
920 2054 1200 2104 humanum
1239 2072 1397 2122 genus
1433 2056 1669 2107 Tiberius
1706 2060 1926 2114 Caesar,
1967 2057 2112 2123 cujus
2167 2055 2386 2108 vicarius
2441 2047 2551 2107 erat

418 2132 642 2194 Pilatus,
672 2134 1082 2202 jurisdictionem
1121 2151 1217 2185 non
1259 2136 1549 2194 habuisset,
1584 2134 1681 2185 nisi
1718 2140 1997 2184 Romanum
2039 2135 2307 2201 imperium
2347 2135 2550 2202 dejure

420 2212 615 2265 fuisset.
653 2217 787 2266 Hinc
825 2223 900 2266 est
939 2217 1074 2283 quod
1112 2217 1377 2274 Herodes,
1415 2216 1646 2282 quamvis
1681 2216 1920 2282 ignorans
1960 2217 2082 2283 quid
2107 2215 2324 2275 faceret,
2346 2216 2474 2266 sicut
2500 2222 2551 2266 et

423 2297 682 2361 CaiphaS,
719 2302 832 2347 cum
871 2315 1043 2349 verum
1084 2299 1216 2349 dixit
1272 2300 1334 2348 de
1382 2296 1592 2348 coelesti
1649 2297 1891 2358 decreto,
1945 2298 2200 2348 Christum
2259 2297 2424 2347 Pilato
2471 2312 2551 2346 re-

423 2376 562 2426 misit
598 2378 660 2426 ad
693 2378 1025 2444 judicandum
1055 2415 1070 2438 ,
1108 2387 1160 2429 ut
1198 2383 1357 2429 Lucas
1392 2377 1444 2426 in
1483 2394 1572 2426 sno
1610 2377 1884 2442 Evangelio
1923 2376 2092 2429 tradit.
2130 2381 2250 2425 Erat
2290 2375 2423 2423 enim
2449 2381 2554 2426 He·

423 2456 582 2506 rodes
618 2474 717 2507 non
752 2459 920 2510 vicem
957 2459 1145 2510 Tiberii
1181 2474 1378 2526 gerenS,
1418 2459 1511 2508 sub
1550 2457 1691 2523 signo
1737 2457 1956 2522 aquilae,
2005 2455 2087 2506 vel
2141 2454 2233 2503 sub
2273 2455 2412 2521 signo
2466 2460 2548 2505 Se-

424 2542 611 2594 natus,
647 2539 735 2589 sed
775 2555 886 2597 rex,
924 2555 1080 2607 regno
1118 2539 1361 2606 singulari
1398 2538 1655 2588 ordinatus
1691 2535 1754 2585 ab
1788 2553 1869 2596 eo,
1907 2542 1956 2585 et
1997 2534 2091 2582 sub
2119 2533 2259 2599 signo
2286 2533 2425 2598 regni
2453 2534 2551 2584 sibi

426 2619 681 2670 commissi
718 2620 1021 2686 gubernans.
1060 2621 1299 2671 Desinant
1333 2619 1485 2685 igitur
1530 2617 1803 2682 imperium
1861 2615 2169 2681 exprobrare
2222 2620 2500 2664 Romanum
2531 2650 2547 2672 ,

427 2700 515 2766 qui
554 2716 608 2749 se
643 2700 779 2752 filios
814 2700 1075 2752 Ecclesiae
1114 2700 1335 2768 fingunt;
1375 2703 1487 2750 cum
1522 2699 1727 2749 videant
1766 2714 2002 2762 sponsum
2043 2695 2300 2747 Christum
2324 2695 2452 2744 illud
2481 2694 2553 2744 sic

427 2784 479 2833 in
515 2787 730 2846 utroque
768 2784 984 2833 termino
1023 2799 1144 2836 suae
1181 2782 1391 2832 militiae
1430 2780 1808 2846 comprobasse.
1844 2784 1907 2828 Et
1950 2779 2053 2845 jam
2098 2776 2400 2826 sufficienter
2448 2791 2553 2824 ma-

431 2862 669 2912 nifestum
709 2879 818 2914 esse
855 2864 1108 2925 arbitror,
1145 2869 1423 2913 Romanum
1452 2860 1695 2927 populum
1734 2858 1833 2908 sibi
1871 2858 1934 2907 de
1966 2857 2084 2923 jure
2109 2855 2250 2905 orbis
2274 2855 2549 2920 Imperium

433 2945 722 2995 adscivisse.
751 2946 826 2996 Oh
853 2944 1061 2997 felicem
1098 2942 1367 3010 populum,
1389 2942 1454 2992 oh
1477 2942 1750 2992 Ausoniam
1789 2944 1836 2990 te
1861 2939 1906 3006 c)
1934 2938 2229 3004 gloriosam,
2253 2936 2293 2985 si
2323 2935 2402 2985 vel
2431 2951 2556 2984 nun·

436 3042 588 3089 quam
626 3023 911 3076 infin-mator
945 3026 1032 3075 ille
1067 3023 1272 3090 imperii
1308 3023 1379 3073 tui
1413 3028 1557 3073 natus
1592 3020 1791 3080 fuisset,
1829 3019 1910 3071 vel
1948 3031 2199 3082 nunquam
2235 3032 2322 3066 sua
2360 3016 2440 3082 pia
2481 3017 2554 3065 in-

440 3107 600 3158 tentio
635 3106 800 3173 ipsum
838 3106 1144 3158 fefellisset!

491 3244 535 3298 a)
568 3245 617 3285 In
650 3247 769 3299 vulg.
813 3250 1035 3299 naturam
1083 3256 1170 3289 non
1218 3247 1368 3289 tamen
1412 3243 1458 3285 in
1584 3242 1625 3296 c)
1658 3242 1886 3285 Dionisius
1918 3240 2086 3282 mavult
2117 3237 2429 3290 leggere-ter
2463 3235 2547 3288 qlo-

439 3304 533 3344 ssor.
566 3303 669 3343 cdlt.
1528 3301 1693 3342 riosam
1723 3297 1927 3351 (Pi-epar.
1961 3298 2076 3340 Stor.
2111 3307 2136 3338 e
2166 3297 2262 3339 crit.
2292 3295 2342 3335 L.
2377 3292 2438 3339 11,
2461 3302 2555 3342 cap.

494 3362 535 3412 b)
567 3357 675 3401 Cod.
706 3360 814 3402 Ven.
848 3369 937 3401 non
965 3361 1153 3403 haberet.
1531 3357 1608 3409 tv,
1638 3367 1739 3409 pag.
1772 3354 1883 3409 192)

1309 3564 1436 3598 FlNlS
1475 3564 1610 3599 LtBRl
1646 3566 1698 3599 11.
