2696 4230
473 206 566 252 1142
1084 225 1151 257 DE
1192 214 1504 258 Mmancnm
1542 214 1642 260 Lux.
1682 215 1769 271 ΙΙΙ,
1805 217 1856 261 C.
1897 217 1996 261 XV.

465 306 670 361 media,
727 305 845 355 licet
895 314 1095 355 ostensa
1150 309 1248 357 sint
1309 309 1458 358 nobis
1514 310 1641 363 haec
1680 313 1744 362 ab
1796 314 2016 364 humana
2078 317 2268 365 ratione
2299 353 2312 374 ,
2349 334 2477 382 quae
2516 332 2607 382 per

462 384 797 449 philosophos
837 393 937 435 tota
977 386 1124 435 nobis
1160 388 1416 446 innotuit;
1458 388 1585 440 haec
1639 409 1666 441 a
1721 393 1910 457 Spiritu
1963 399 2141 443 Sancto
2166 431 2180 450 ‚
2220 397 2305 459 qui
2356 414 2448 462 per
2485 403 2609 447 Pro-

459 462 639 525 phetas
700 471 751 512 et
813 463 1200 528 Hagiographos
1225 502 1239 523 ‚
1300 483 1390 530 per
1452 475 1782 519 coaeternum
1841 472 1932 521 sibi
1996 472 2083 521 Dei
2152 473 2333 523 Filium
2404 481 2606 526 JESUM

458 546 781 592 CHRIS'l'tTM
806 580 820 600 ,
859 549 908 591 et
947 560 1036 607 per
1093 544 1202 608 ejus
1241 545 1558 610 discipulos,
1596 550 2033 613 supernaturalem
2087 552 2347 601 veritatem
2399 570 2456 602 ac
2518 572 2605 602 no-

459 621 540 669 bis
580 622 923 670 necessariam
987 625 1279 683 revelavit3
1319 625 1542 676 humana
1593 628 1840 693 cupiditas
1901 637 2224 695 postergaret
2260 634 2331 697 a),
2370 634 2466 681 nisi
2512 634 2602 681 lto-

456 701 622 748 mines
661 706 898 764 tanquam
928 703 1067 766 equi⁹
1104 709 1191 754 sua
1230 704 1540 755 bestialitate
1578 714 1833 773 vaganteS‚
1872 710 1922 757 in
1960 709 2145 759 chamo
2175 718 2225 759 et
2257 709 2436 759 fraeno
2462 727 2601 759 com·

459 787 794 842 poscerentur
830 784 880 831 in
917 783 1011 832 via.
1051 789 1262 848 Propter
1319 786 1456 849 quod
1508 802 1636 850 opus
1680 786 1776 836 fuit
1826 788 2020 837 homini
2075 788 2266 853 duplici
2315 789 2600 847 directim,

460 859 734 909 secundum
774 861 1030 926 duplicem
1073 861 1273 920 finem3
1314 863 1514 914 scilicet
1553 880 1755 914 summo
1794 865 2060 924 Pontifice‚
2100 867 2184 932 qui
2215 866 2488 915 secundum
2519 884 2599 916 re-

454 936 622 987 velata
661 940 932 990 humanum
976 957 1130 1003 genus
1172 943 1486 1005 perduceret
1523 944 1586 993 ad
1622 945 1775 993 vitam
1817 951 2118 1002 aeternam3
2158 953 2209 996 et
2261 951 2597 1009 Imperatore,

458 1015 545 1080 qui
587 1019 860 1066 secundum
902 1018 1258 1083 philosophica
1297 1021 1603 1072 documenta
1642 1039 1802 1088 genus
1842 1022 2123 1072 humanum
2156 1024 2218 1072 ad
2255 1025 2598 1087 temporalem

460 1094 761 1147 felicitatem
802 1099 1064 1164 dirigeret.
1101 1105 1165 1150 Et
1203 1105 1315 1150 cum
1354 1102 1418 1151 ad
1456 1102 1590 1152 hunc
1630 1110 1829 1168 portum
1869 1104 1953 1153 vel
1995 1104 2140 1161 nulli,
2178 1104 2258 1153 vel
2311 1105 2503 1169 pauci,
2554 1112 2604 1154 et

455 1175 508 1224 hi
545 1192 660 1225 cum
702 1178 996 1229 difficultate
1033 1180 1188 1230 nimia
1225 1181 1492 1245 pervenire
1531 1182 1744 1247 possint,
1770 1181 1863 1232 nisi
1891 1183 2081 1232 sedatis
2109 1182 2354 1233 fluctibus
2385 1183 2600 1233 blandae

457 1258 760 1321 cupiditatiS‚
801 1277 958 1325 genus
995 1260 1273 1311 humanum
1312 1262 1535 1312 liberum
1573 1263 1623 1312 in
1662 1263 1800 1327 pacis
1833 1263 2200 1328 tranquillitate
2226 1263 2468 1328 quiescat.
2489 1269 2599 1313 Hoc

455 1335 652 1401 signum
694 1345 768 1389 est
802 1339 947 1397 illud,
985 1341 1049 1390 ad
1087 1341 1222 1406 quod
1262 1342 1484 1392 maxime
1523 1342 1680 1393 debet
1717 1342 1985 1393 intendere
2035 1349 2238 1392 curator
2280 1342 2420 1391 orbis
2446 1378 2461 1399 ‚
2513 1343 2602 1406 qui

455 1414 636 1464 dicitur
675 1423 934 1467 Romanus
972 1418 1232 1484 P1·incepS‚
1271 1428 1324 1469 ut
1363 1419 1562 1470 scilicet.
1599 1421 1649 1469 in
1687 1422 1860 1471 areola
1885 1422 1977 1470 ista
2014 1424 2062 1487 b)
2106 1420 2399 1471 mortalium
2431 1422 2601 1472 libera

455 1507 574 1540 cum
614 1509 740 1557 pace
774 1496 983 1546 vivatur.
1021 1500 1248 1561 Cumque
1286 1498 1539 1562 dispositio
1578 1500 1755 1549 mundi
1796 1500 1945 1566 hujus
1994 1499 2382 1564 dispositionem
2422 1499 2602 1549 inhae-

456 1576 653 1620 rentem
695 1574 955 1623 caelorum
993 1574 1369 1626 circumlationi
1410 1585 1682 1642 sequatur3
1722 1594 1934 1629 necesse
1973 1586 2050 1628 est
2093 1578 2156 1627 ad
2194 1577 2320 1636 hoc,
2361 1586 2417 1628 ut
2453 1579 2601 1629 utilia

456 1647 762 1700 documenta
801 1651 1053 1701 libertatis
1091 1661 1141 1702 et
1179 1655 1316 1719 pacis
1353 1658 1621 1707 commode
1661 1657 1794 1707 locis
1831 1665 1881 1707 et
1918 1657 2236 1721 temporibus
2256 1658 2598 1722 applicentur,

456 1726 555 1775 ista
593 1728 876 1792 dispensari
904 1730 968 1780 ab
997 1730 1085 1779 illo
1106 1735 1371 1790 curatore,
1398 1735 1482 1798 qui
1510 1734 1719 1784 totalem
1746 1736 2011 1786 caelorum
2037 1736 2423 1798 dispositionem
2453 1752 2601 1800 prae-

453 1805 744 1858 sentialiter
780 1806 825 1870 o)
863 1807 1104 1857 intuetur.
1144 1809 1240 1859 Hic
1278 1818 1449 1859 antem
1489 1819 1568 1862 est
1604 1813 1742 1863 solus
1765 1815 1877 1872 lile,
1916 1814 2001 1879 qui
2037 1815 2164 1862 hanc
2196 1814 2595 1877 praeordinavit,

450 1891 507 1933 ut
543 1901 633 1949 per
668 1886 834 1949 ipsam
874 1887 1149 1951 providens
1201 1891 1306 1940 suis
1345 1892 1607 1941 ordinibus
1659 1909 1897 1958 quaeque
1946 1899 2296 1943 connecteret.
2356 1893 2503 1952 Quod
2551 1895 2595 1943 si

451 1964 523 2013 ita
560 1969 655 2020 est,
694 1964 829 2013 solus
867 1964 1008 2031 eligit
1043 1971 1176 2017 Deus
1205 2004 1219 2027 ‚
1257 1968 1399 2018 solus
1436 1970 1543 2034 ipse
1593 1970 1861 2022 confirmat
1890 2008 1904 2030 ,
1955 1976 2065 2021 cum
2126 1973 2443 2038 superiorem
2498 1988 2603 2022 non

452 2042 655 2093 habeat.
695 2049 773 2093 Ex
811 2061 912 2108 quo
951 2045 1132 2096 haberi
1172 2055 1339 2113 potest
1375 2050 1623 2108 ulteriuS,
1662 2052 1799 2114 quod
1836 2068 1930 2101 nec
1967 2052 2047 2101 isti
2086 2052 2171 2117 qui
2205 2068 2356 2111 nunc,
2384 2067 2477 2101 nec
2510 2051 2599 2100 alii

449 2123 820 2189 cujuscumque
859 2124 997 2175 modi
1038 2125 1161 2176 dicti
1197 2135 1310 2178 sunt
1347 2127 1399 2194 d)
1437 2128 1705 2186 electores,
1741 2131 1811 2179 sic
1840 2130 2046 2179 dicendi
2084 2138 2233 2187 sunt3
2271 2130 2391 2193 quin
2431 2130 2600 2194 potius

450 2203 840 2254 denunciatores
880 2205 1082 2256 divinae
1120 2207 1472 2272 providentiae
1510 2214 1622 2258 sunt
1647 2208 1886 2259 habendi.
1911 2210 2050 2259 Unde
2072 2209 2146 2268 fit,
2166 2209 2303 2274 quod
2323 2209 2599 2273 aliquando

452 2284 708 2347 patiantur
747 2285 1037 2346 dissidium,
1075 2287 1262 2352 quibus
1300 2288 1638 2338 denunciandi
1678 2288 1894 2352 dignitas
1954 2295 2029 2338 est
2078 2288 2310 2339 indulta:
2357 2288 2440 2338 vel
2478 2290 2602 2354 quia

449 2379 628 2413 omnes
655 2400 669 2423 ‚
707 2364 783 2413 vel
823 2366 941 2430 quia
981 2367 1183 2431 quidam
1223 2383 1423 2426 eorum,
1461 2366 1651 2417 nebula
1689 2367 1971 2431 cupiditatis
2011 2369 2360 2429 obtenebrati,
2397 2369 2599 2420 divinae

450 2444 841 2508 dispensationis
879 2445 1069 2495 faciem
1108 2462 1206 2495 non
1244 2447 1555 2497 discernunt.
1595 2448 1675 2497 Sic
1716 2464 1839 2512 ergo
1894 2455 2072 2513 patet,
2125 2450 2263 2513 quod
2318 2450 2595 2500 auctoritas

450 2525 749 2589 temporalis
782 2528 1130 2584 Monarchae‚
1172 2527 1280 2576 sine
1318 2528 1427 2578 ullo
1465 2528 1657 2587 medi0‚
1693 2528 1744 2577 in
1779 2530 1943 2594 ipsum
1981 2529 2046 2579 de
2104 2529 2241 2580 fonte
2290 2530 2594 2579 universalis

448 2604 767 2654 auctoritatis
802 2605 852 2670 e)
891 2606 1176 2655 descendit.
1213 2607 1306 2665 Qui
1347 2606 1553 2672 quidem
1594 2606 1724 2663 tom,
1761 2607 1812 2656 in
1851 2623 1968 2657 arce
2005 2609 2049 2673 f)
2087 2623 2208 2657 suae
2248 2608 2593 2673 simplicitatis

449 2681 636 2738 unituS,
674 2681 724 2730 in
763 2682 1070 2746 multiplices
1094 2683 1144 2749 9)
1171 2683 1346 2733 alveos
1382 2684 1546 2734 influit
1581 2701 1647 2734 ex
1692 2685 1999 2736 abundantia
2024 2685 2263 2737 bonitatis
2292 2686 2491 2737 divinae
2519 2687 2595 2754 h).

450 2765 509 2810 Et
542 2762 646 2828 jam
683 2763 804 2813 satis
839 2764 1042 2821 videor,
1080 2770 1268 2814 metam
1308 2765 1533 2831 attigisse
1573 2765 1901 2830 propositam.
1939 2766 2214 2816 Enucleata
2252 2782 2471 2831 namque
2510 2783 2597 2826 ve-

450 2838 574 2889 ritas
613 2847 689 2890 est
726 2841 1038 2905 quaestionis
1074 2841 1234 2899 illius,
1276 2846 1375 2908 qua
1414 2845 1787 2908 quaerebatur,
1827 2853 2000 2895 utrum
2043 2844 2106 2893 ad
2145 2844 2275 2893 bene
2314 2859 2428 2894 esse
2454 2860 2596 2894 mun-

452 2918 500 2967 di
538 2922 886 2970 necessarium
926 2929 1065 2972 esset
1100 2923 1434 2972 Monarchiae
1472 2923 1694 2972 officium
1721 2926 1746 2972 ?
1785 2941 1842 2973 ac
1879 2924 2052 2981 illius,
2092 2930 2193 2987 qua
2230 2924 2597 2989 quaerebatur,

450 3013 512 3046 an
552 3004 811 3049 Romanus
850 3002 1068 3066 populus
1106 3001 1318 3067 dejure
1355 3002 1632 3065 Imperium
1674 3003 1775 3051 sibi
1812 3002 2141 3052 adsciverit?
2180 3019 2271 3052 nec
2311 3019 2411 3053 non
2458 3004 2598 3054 illius

445 3077 676 3137 ultimae,
718 3083 816 3145 qua
855 3080 1221 3146 quaerebatur,
1260 3098 1320 3131 an
1356 3081 1662 3133 Monarchae
1701 3082 1977 3133 auctoritas
2016 3098 2044 3130 a
2080 3087 2206 3139 Dec,
2247 3082 2327 3133 vel
2377 3082 2441 3130 ab
2493 3082 2596 3133 alio

448 3158 764 3223 dependeret
802 3161 1138 3212 immediate?
1177 3166 1316 3220 Quae
1355 3161 1561 3226 quidem
1588 3163 1770 3212 veritas
1794 3161 2006 3213 ultimae
2044 3161 2354 3227 quaestionis
2391 3177 2491 3212 non
2524 3161 2597 3212 sic

502 3383 547 3438 a)
573 3384 644 3426 Sic
661 3397 765 3428 cum
789 3387 1026 3429 Cod.Vat.:
1043 3388 1163 3440 vulg.
1183 3391 1488 3440 prosterqaret.
1618 3385 1658 3441 e)
1694 3387 1808 3430 Cod.
1827 3386 1928 3430 Vat.
1961 3390 2200 3439 dimicatis.

503 3442 544 3493 b)
578 3440 694 3482 Cum
725 3442 836 3484 Cod.
868 3442 968 3483 Vat.
1001 3442 1298 3491 adjunximus
1327 3444 1428 3487 istd.
1615 3443 1657 3495 s)
1691 3444 1802 3485 Cod.
1834 3444 1945 3484 Ven.
1978 3444 2148 3487 areola.

503 3495 544 3546 c)
578 3495 687 3538 Cod.
717 3497 817 3539 Vat.
848 3500 1154 3549 personaliter.
1616 3499 1657 3549 q)
1692 3498 1803 3540 Cod.
1836 3499 1931 3539 Vat.
1965 3500 2092 3540 addit
2120 3500 2246 3540 alios⁴

502 3551 546 3603 d)
579 3551 687 3592 Cod.
721 3553 815 3594 Vat.
850 3553 1026 3603 suerint.
1614 3552 1659 3605 h)
1692 3554 1743 3597 In
1776 3554 1888 3596 Cod.
1923 3554 2017 3597 vat,
2051 3555 2389 3597 deest-divinae.
