2696 4230
339 202 407 249 26
974 212 1043 247 DE
1079 201 1393 250 MoNAncmA
1427 199 1534 248 Lm.
1570 202 1612 256 1,
1650 198 1701 248 C.
1743 201 1849 247 XV.

342 307 415 348 est
450 300 613 348 malus
650 301 813 356 civis,
851 302 905 346 in
941 301 1072 347 reetd
1108 304 1258 355 vero,
1296 301 1448 347 bonus
1501 299 1645 345 homo
1682 303 1727 344 et
1777 297 1900 345 civis
1938 293 2088 343 bonus
2126 306 2491 354 convertuntur.

339 383 401 429 Et
438 378 730 445 hujusmodi
768 378 975 443 politiae
1029 383 1196 427 rectae
1250 376 1540 427 libertatem
1590 375 1885 434 intendunt,
1930 372 2129 425 scilicet
2165 382 2221 426 ut
2258 375 2493 429 homines

341 464 551 523 propter
587 474 642 507 se
682 459 793 508 sint.
832 462 942 507 Non
978 456 1115 505 enim
1153 457 1287 505 cives
1326 461 1538 520 propter
1575 455 1844 513 consules,
1889 469 1982 504 nec
2022 469 2145 518 gens
2171 463 2378 519 propter
2419 475 2497 508 re-

344 553 490 602 gem,
529 538 618 586 sed
655 553 682 585 e
722 550 968 585 converso
1006 534 1243 583 consules
1280 539 1488 598 propter
1523 533 1694 592 cives,
1733 550 1825 583 rex
1875 537 2081 598 propter
2114 537 2336 598 gentem.
2372 536 2498 594 Quia

343 616 774 679 quemadmodum
813 630 910 664 non
949 612 1128 677 politia
1166 613 1229 662 ad
1266 614 1440 678 legeS,
1477 613 1709 677 quinimo
1755 613 1897 678 leges
1938 613 1999 662 ad
2039 611 2268 677 politiam
2309 630 2499 679 ponun-

344 704 462 755 tur,
501 697 574 744 sic
613 696 888 746 secundum
929 694 1097 759 legem
1133 693 1398 752 viventeS,
1432 693 1537 742 ‘non
1564 694 1627 742 ad
1652 692 2008 759 legislatorem
2035 694 2368 753 ordinantur,
2407 694 2501 744 sed

344 774 506 838 magis
543 774 631 823 ille
669 774 732 822 ad
772 774 897 823 hos:
941 780 994 822 ut
1033 777 1083 821 et
1119 771 1435 836 Philosopho
1474 770 1642 836 placet
1669 771 1718 819 in
1747 772 1827 829 iis,
1867 788 1998 837 quae
2027 771 2089 821 de
2116 773 2371 837 praesenti
2398 789 2502 822 ma-

345 852 470 901 teria
508 851 658 901 nobis
695 853 759 902 ab
801 866 862 900 eo
898 850 1081 901 relicta
1122 856 1255 900 sunt.
1293 850 1425 900 Hinc
1465 850 1619 899 etiam
1661 856 1841 916 patet,
1879 850 2014 916 quod
2055 853 2291 916 quamvis
2326 849 2503 902 consul

345 932 447 981 sive
475 948 566 981 rex
605 939 836 995 respectu
877 930 989 980 viae
1029 931 1123 981 sint
1160 930 1350 980 domini
1391 930 1606 980 aliorum
1629 967 1645 990 ,
1684 937 1922 996 respectu
1950 937 2121 981 autem
2148 931 2352 981 termini
2379 932 2507 983 alio-

344 1027 455 1058 rum
496 1012 707 1063 ministri
747 1017 900 1061 sunt:
942 1018 993 1061 et
1032 1011 1254 1060 maxime
1293 1010 1607 1068 Monarcha,
1649 1010 1734 1076 qui
1785 1011 2020 1062 minister
2058 1011 2283 1060 omnium
2322 1010 2503 1075 procul

345 1089 506 1139 dubio
546 1090 813 1140 habendus
849 1096 943 1139 est.
983 1090 1115 1139 Hinc
1148 1091 1255 1156 jam
1307 1090 1632 1139 innotescere
1680 1096 1888 1155 potest,
1934 1091 2070 1156 quod
2107 1089 2383 1142 Monarcha
2418 1107 2506 1140 ne-

348 1170 617 1219 cessitatur
654 1169 756 1217 fine
791 1168 844 1233 a)
880 1167 975 1216 sibi
1015 1167 1249 1233 praefixo
1277 1204 1292 1227 ,
1329 1168 1381 1217 in
1419 1167 1628 1235 legibus
1669 1169 1930 1234 ponendis.
1957 1175 2089 1237 Ergo
2127 1185 2286 1236 genus
2321 1169 2499 1220 huma-

350 1263 470 1295 num
510 1247 604 1296 sub
641 1244 918 1299 Monarcha
955 1246 1217 1306 existenS,
1257 1247 1454 1311 optime
1496 1263 1551 1297 se
1590 1248 1781 1307 habet;
1819 1263 1886 1298 ex
1924 1265 2026 1316 quo
2064 1248 2331 1315 sequitur,
2359 1247 2500 1315 quod

349 1327 413 1378 ad
450 1327 580 1379 hene
620 1343 734 1378 esse
774 1326 949 1377 mundi
986 1326 1342 1379 Monarchiam
1383 1343 1596 1380 necesse
1635 1336 1714 1381 est
1753 1345 1883 1380 esse.

1256 1494 1457 1542 CAPUT
1495 1495 1600 1542 XV.

418 1651 631 1710 Adhuc,
665 1650 755 1699 ille
795 1650 881 1715 qui
921 1653 1089 1715 potest
1124 1665 1239 1701 esse
1278 1651 1473 1716 optime
1524 1650 1797 1715 dispositus
1838 1651 1908 1701 *ad
1949 1651 2232 1718 regendum
2259 1687 2274 1710 ,
2312 1650 2506 1716 optime

354 1729 484 1781 alios
521 1724 791 1796 disponere
828 1738 1017 1795 potest.
1054 1735 1182 1781 Nam
1222 1730 1274 1779 in
1312 1731 1453 1781 omni
1490 1731 1687 1782 actione
1741 1731 2095 1796 principaliter
2130 1732 2405 1781 intenditur
2442 1731 2508 1780 ab

356 1816 541 1875 agente
569 1845 584 1868 ,
622 1810 727 1858 sive
764 1808 1067 1857 necessitate
1104 1814 1312 1857 naturae
1335 1845 1351 1866 ,
1388 1809 1497 1858 sive
1536 1808 1821 1860 voluntarie
1859 1815 2011 1876 agat,
2046 1811 2307 1876 propriam
2335 1810 2514 1861 simili-

353 1887 588 1936 tudinem
629 1886 931 1950 explicare3
970 1885 1102 1935 unde
1142 1885 1231 1944 fit,
1271 1885 1407 1950 quod
1446 1902 1594 1936 omne
1634 1903 1809 1953 agens,
1836 1889 1888 1937 in
1913 1895 2156 1954 quantum
2193 1888 2511 1955 hujusmodi,

357 1965 662 2022 delectatur,
702 1964 858 2028 quia,
897 1967 1010 2013 cum
1049 1978 1199 2013 omne
1239 1963 1375 2028 quod
1415 1970 1495 2014 est
1531 1965 1738 2029 appelat
1765 1983 1912 2016 suum
1937 1983 2087 2025 esse;
2126 1983 2184 2016 ac
2210 1967 2260 2015 in
2298 1966 2513 2032 agend03

357 2043 553 2108 agentis
592 2057 703 2091 esse
743 2041 1120 2106 quodammodo
1160 2041 1462 2106 amplietur:
1501 2044 1727 2108 sequitur
1765 2045 1828 2096 de
1871 2046 2175 2096 necessitate
2213 2045 2513 2102 delectati0‚

357 2123 475 2190 quia
514 2122 784 2173 delectatio
821 2120 899 2170 rei
938 2121 1261 2172 desideratae
1299 2138 1503 2188 semper
1541 2123 1739 2174 adnexa
1780 2133 1873 2177 est.
1910 2127 2047 2178 Nihil
2085 2127 2248 2192 igitur
2274 2126 2393 2193 agit,
2416 2124 2515 2174 nisi

358 2204 460 2255 tale
499 2204 764 2261 existenS,
805 2202 958 2268 quale
996 2202 1188 2267 patiens
1224 2201 1339 2253 fieri
1379 2203 1569 2263 debet3
1607 2211 1818 2270 propter
1856 2207 1991 2272 quod
2031 2206 2385 2271 Philosophus
2410 2241 2424 2264 ,
2464 2206 2517 2255 iu

357 2283 441 2341 iis,
471 2300 599 2347 quae
625 2289 679 2335 de
704 2287 994 2345 simpliciter
1026 2285 1151 2331 Ente
1177 2302 1189 2328 ι
1232 2286 1385 2335 Omne
1408 2318 1423 2341 ,
1460 2283 1659 2349 inquit,
1698 2291 1826 2345 quod
1861 2291 2110 2336 reducitur
2136 2294 2191 2338 de
2215 2292 2438 2347 potentia
2462 2290 2518 2334 in

360 2374 560 2424 actum,
596 2369 847 2414 reducitur
876 2379 964 2424 per
998 2366 1094 2412 lale
1131 2367 1346 2412 existens
1391 2370 1545 2421 actu3
1585 2371 1714 2425 quod
1765 2370 1812 2414 si
1846 2371 1998 2416 aliter
2034 2371 2223 2428 aliquid
2263 2381 2401 2428 aqere
2442 2383 2517 2415 co-

359 2456 540 2505 netur,
576 2448 764 2508 frustra
801 2452 1026 2495 conatur.
1062 2449 1125 2495 Et
1178 2444 1258 2494 hic
1299 2448 1469 2509 potest
1519 2445 1709 2496 destrui
1767 2462 1916 2497 error
1967 2447 2169 2497 illorum
2197 2483 2213 2505 ,
2261 2445 2346 2511 qui
2383 2446 2518 2496 bona

359 2527 653 2593 loquendo,
693 2533 743 2576 et
779 2525 914 2575 mala
950 2527 1244 2590 operandO,
1283 2525 1496 2577 credunt
1531 2525 1660 2577 alios
1706 2526 1805 2578 vita
1841 2532 1894 2576 et
1930 2528 2163 2578 moribus
2198 2524 2515 2585 informare3

360 2623 461 2657 non
497 2607 819 2656 advertentes
844 2643 869 2672 ,ι
899 2606 1036 2671 quod
1093 2606 1210 2671 plus
1255 2612 1620 2671 persuaserunt
1653 2622 1833 2657 manus
1886 2607 2080 2667 Jacob,
2119 2624 2271 2672 quam
2308 2607 2469 2657 verba
2501 2641 2516 2664 ,

362 2685 488 2736 licet
521 2686 642 2736 illae
681 2686 905 2744 falsum,
940 2685 1032 2735 illa
1068 2702 1244 2737 verum
1284 2686 1669 2751 persuaderent.
1709 2687 1849 2736 Unde
1885 2686 2237 2751 Philosophus
2282 2692 2347 2737 ad
2379 2689 2521 2735 Nico-

364 2768 627 2816 machum:
667 2770 737 2815 De
774 2771 837 2815 iis
876 2771 1004 2815 enim
1028 2800 1043 2823 ,
1081 2766 1280 2832 inquit,
1319 2782 1439 2827 quae
1477 2771 1531 2814 in
1564 2770 1876 2827 passionibus
1917 2772 1963 2815 et
1999 2772 2300 2825 actionibus,
2343 2783 2518 2816 sermo-

363 2861 450 2894 nes
487 2850 648 2894 minus
685 2851 800 2894 sunt
836 2848 1095 2894 credibiles
1131 2849 1373 2908 operibus.
1427 2844 1557 2894 Hinc
1594 2845 1747 2895 etiam
1808 2845 2077 2895 dicebatur
2116 2846 2181 2895 de
2220 2844 2366 2896 coelo
2405 2862 2523 2911 pec-

367 2922 528 2973 catori
561 2923 753 2973 David:
793 2928 952 2983 Quare
989 2931 1044 2972 tn
1082 2939 1287 2972 enarras
1319 2927 1547 2987 justitias
1582 2939 1715 2974 meas
1738 2925 1763 2972 ?
1801 2924 1942 2989 quasi
1968 2925 2192 2974 diceret:
2219 2927 2424 2974 Frustra
2450 2929 2524 2975 lo*

368 3006 564 3064 queris,
603 3016 713 3050 cnm
751 3009 805 3050 tu
840 3006 909 3049 sis
945 3003 1074 3050 alins
1111 3006 1171 3051 ab
1209 3018 1262 3051 eo
1302 3007 1429 3065 quod
1468 3005 1712 3063 loqueris.
1750 3007 1829 3051 Ex
1868 3001 2057 3067 quibus
2079 3002 2361 3068 colligitur,
2390 3002 2524 3068 quod

369 3081 560 3146 optime
597 3081 901 3146 dispositum
942 3097 1058 3131 esse
1097 3086 1333 3146 oportet,
1384 3082 1578 3147 optime
1615 3082 1742 3132 alios
1796 3083 2072 3148 disponere
2108 3082 2386 3133 volentem.
2425 3082 2523 3133 Sed

368 3159 647 3213 Monarcha
685 3163 826 3212 solus
862 3166 937 3211 est
972 3160 1095 3218 ille,
1134 3162 1221 3227 qui
1262 3166 1429 3227 potest
1465 3163 1659 3227 optime
1686 3178 1798 3213 esse
1837 3162 2110 3229 dispositus
2135 3163 2195 3213 ad
2226 3163 2524 3228 regenduim

371 3239 511 3305 quod
557 3239 627 3288 sic
667 3239 991 3290 declaratur:
1033 3244 1375 3308 Unaquaeque
1415 3257 1496 3291 res
1534 3243 1595 3289 eo
1632 3239 1836 3291 facilius
1873 3248 1923 3292 et
1959 3241 2248 3307 perfectius
2284 3241 2348 3290 ad
2385 3240 2528 3291 habi-

372 3324 479 3369 tum
512 3323 561 3368 et
593 3319 945 3384 operationem
982 3319 1296 3385 disponitur,
1335 3325 1435 3387 quo
1470 3318 1640 3371 minus
1674 3318 1725 3370 in
1764 3323 1825 3371 ea
1860 3325 1940 3372 est
1978 3319 2043 3371 de
2081 3319 2437 3372 contrarietate
2462 3316 2525 3366 ad

432 3565 478 3620 a)
510 3567 592 3610 Sic.
623 3566 737 3613 Cod.
766 3567 896 3612 Ven:
930 3566 1053 3619 vulg.
1083 3567 1131 3610 in
1158 3568 1256 3620 fine.
