2696 4230
1019 237 1356 271 PnELmlNARI
2118 240 2240 273 xmtt

608 354 629 376 «
661 341 718 382 ob
754 349 905 381 rerum
938 340 982 380 et
1011 341 1406 392 argumentorum,
1437 340 1597 390 quibus
1628 341 1910 382 creberrimis
1941 344 2042 382 sunt
2071 343 2240 395 referti,

606 422 628 444 «
660 418 848 449 acumen
881 396 1147 456 et'copiam‚
1167 407 1223 449 ob
1245 408 1342 458 styli
1372 405 1486 448 torte
1517 407 1773 448 scabriciem
1807 404 1922 457 (eius
1942 408 2061 448 modi
2093 410 2238 449 tamen

600 490 622 511 «ι
655 472 749 516 sere
771 474 1015 515 doctissimi
1047 475 1215 524 quique
1258 475 1309 516 ea
1340 474 1441 516 iicet
1474 475 1769 516 eruditissima
1788 478 1928 515 aetate
1949 475 1990 514 in
2016 476 2242 516 tractanda

601 560 621 581 «
653 543 933 596 philosophia
956 546 1015 584 uti
1046 541 1263 594 sotebant)
1288 544 1582 595 negligentur.
1613 545 1662 586 In
1695 554 1783 595 quo
1814 547 1961 585 tamen
1993 546 2088 594 ipso
2105 555 2240 594 opere

601 629 623 651 a
657 615 772 666 typis
806 623 991 663 quoque
1021 609 1064 664 2)
1109 613 1270 652 nostris
1301 613 1601 654 describendo
1626 643 1639 664 ‚
1689 624 1779 655 non
1828 615 1976 655 minus
2007 613 2106 655 raro
2137 622 2241 654 con-

600 697 621 719 «
655 681 824 723 iectura
855 681 1068 722 utendum
1100 680 1206 720 fuit:
1239 679 1374 730 saepe
1406 683 1516 724 vero
1551 680 1641 734 (ubi
1666 693 1752 725 non
1783 684 2010 733 potuimus
2040 681 2239 734 assequi)

598 763 620 785 α
655 749 797 799 ipsum
830 747 1118 799 archetypum
1149 748 1275 796 sequi
1306 749 1471 798 potius,
1494 758 1625 798 quam
1653 747 1823 790 temere
1852 749 2019 798 aliquid
2050 750 2141 790 sive
2166 750 2240 791 ad·

603 830 624 852 «ι
659 817 785 863 dere,
815 816 904 856 sive
935 814 1149 855 inducere
1169 843 1183 861 ,
1216 817 1290 855 aut
1321 815 1491 855 mutare
1522 816 1663 857 visum
1696 819 1788 857 est:
1819 818 1954 858 tutius
1977 817 2019 858 id
2043 818 2098 858 ita
2129 818 2240 869 fore,

598 898 620 921 «ι
654 894 706 926 ac
733 884 889 926 nostro
927 884 1265 925 convenientius
1296 883 1476 924 muneri
1507 883 1862 925 existimantibus
1898 900 1931 924 ».

601 1020 721 1051 come
752 1006 920 1051 osservo'
951 1007 1024 1060 qia
1051 1010 1094 1051 lo
1124 1009 1262 1049 Zeno.
1296 1009 1430 1050 Forse
1460 1008 1488 1048 ι’
1503 1009 1666 1049 editore
1697 1009 1929 1058 giudic-aea
1960 1012 2052 1060 che,
2076 1012 2120 1051 at
2138 1013 2240 1060 pari

594 1068 641 1107 di
665 1076 829 1108 sommo
858 1070 1006 1116 poeta,
1038 1076 1130 1108 non
1148 1067 1312 1115 potesse
1343 1074 1456 1105 esser
1486 1066 1643 1104 DANTE
1669 1066 1725 1105 ad
1753 1074 1815 1103 uu
1841 1066 1980 1115 tempo
2012 1069 2171 1117 ἱ(ματιαε
2190 1069 2242 1117 fi-

597 1121 748 1171 ΙοεοῙο,
777 1124 1022 1172 iqnorando
1054 1124 1132 1163 che
1162 1121 1195 1160 il
1224 1119 1407 1160 Convito
1437 1131 1513 1161 era
1540 1129 1623 1171 pur
1659 1131 1793 1172 opera
1822 1121 1867 1160 cti
1900 1122 1969 1161 lui.

651 1178 694 1228 2)
729 1181 888 1230 Questo
911 1189 1109 1229 quoque,
1132 1177 1227 1219 cioe
1248 1186 1424 1223 ancora,
1450 1187 1609 1219 ovvero
1641 1178 1684 1217 di
1717 1187 1876 1227 nu0v0,
1899 1180 2078 1220 darebbe
2110 1180 2239 1230 luoqo

599 1245 627 1274 α
646 1235 863 1282 sospettar
887 1244 990 1275 vera
1018 1236 1047 1274 l’
1064 1236 1277 1275 esistenza
1304 1231 1347 1272 α’
1369 1234 1483 1274 altra
1511 1235 1760 1284 precedente
1779 1235 1976 1274 edizione
2007 1236 2116 1276 della
2149 1238 2239 1276 Mo-

594 1286 788 1338 narchia,
812 1292 887 1330 che
910 1294 1106 1340 appunio
1127 1291 1158 1330 il
1181 1287 1402 1339 Giuqueue'
1423 1287 1568 1337 (artic.
1591 1289 1749 1329 DANTE
1772 1291 1887 1331 uella
1906 1290 2121 1341 Biograua
2144 1292 2242 1332 uni-

596 1343 805 1396 versate),
833 1348 1033 1387 scoriato
1076 1347 1151 1386 dal
1192 1348 1395 1395 cataloqo
1427 1346 1540 1385 della
1569 1346 1839 1395 Bodleiaua‚
1871 1348 1959 1387 cita
1990 1348 2104 1388 colla
2133 1349 2242 1389 data

597 1402 643 1441 di
668 1401 842 1442 Basitea
872 1403 938 1442 del
969 1401 1100 1445 1557,
1133 1401 1402 1442 metiendola
1430 1397 1531 1451 pero*
1559 1401 1607 1442 in
1637 1403 1811 1450 dubbio,
1840 1404 1909 1444 col
1938 1404 2054 1443 dirla
2082 1413 2239 1445 scono-

587 1458 735 1498 sciuta
763 1468 793 1499 a
822 1459 927 1499 tutti
953 1458 970 1497 i
998 1457 1249 1509 bibliografi.

124 1581 190 1628 11.
206 1578 423 1638 Basilea,
447 1582 592 1631 1566.
616 1583 688 1628 La
706 1579 1002 1630 Monarcbia
1019 1586 1042 1631 ὁ
1060 1595 1306 1641 eompresa
1329 1583 1459 1628 uella
1482 1584 1695 1628 raccolta
1715 1584 1765 1630 di
1784 1581 1976 1630 Simone
2005 1583 2236 1630 Scharclis

599 1665 1203 1729 intitolata--Syntagma
1229 1667 1530 1710 tractatuum
1559 1658 1622 1709 de
1647 1660 1900 1723 Imperiali
1929 1659 2237 1726 jurisdictio-

593 1757 676 1799 ne,
700 1741 1008 1794 authoritate
1033 1747 1083 1791 et
1106 1740 1503 1806 praeeminentia
1519 1755 1576 1789 ac
1594 1745 1840 1804 potestate
1862 1741 2236 1798 Ecciesiastic÷i‚

600 1822 764 1887 deque
783 1823 985 1891 juribus
1009 1822 1164 1888 Regni
1203 1829 1255 1873 et
1289 1821 1513 1886 Imperii,
1531 1836 1620 1884 per
1645 1823 1889 1870 Simone-m
1928 1823 2234 1871 schardium.

601 1906 914 1961 -Basileae,
953 1906 1083 1955 1566
1122 1900 1264 1963 iri-ff>

124 2006 215 2051 111.
256 2003 579 2073 Strasburgo,
618 2010 764 2057 1609.
804 2009 1059 2068 Ristampa
1096 2008 1173 2056 col
1208 2009 1350 2054 titolo
1402 2009 1575 2054 dianzi
1624 2008 1834 2067 riferito.
1879 2006 2194 2067 Aryeutorati
2227 2044 2240 2066 ,

601 2093 873 2150 sumptibus
909 2093 1098 2138 Lazari
1135 2087 1382 2147 thzneri‚
1419 2089 1646 2147 MDCIX,
1684 2088 1837 2150 iu-f.⁰.

124 2191 202 2237 1v.
246 2188 478 2250 Ginevra,
520 2197 666 2244 1740.
706 2196 882 2241 Daulis
919 2193 1153 2253 Aliqherii
1185 2195 1457 2241 Florentiae·
1491 2190 1799 2243 Monarchia.
1842 2195 2066 2242 Coloniae
2106 2197 2238 2245 Allo-

601 2278 822 2334 broqum,
869 2278 999 2333 apud
1039 2276 1189 2321 Henr.
1236 2271 1484 2322 Albertum
1534 2273 1677 2323 Gosse
1716 2281 1765 2322 ct
1814 2276 1918 2324 Soc.
1960 2277 2234 2335 MDCUXL,

600 2353 774 2410 iri-89,
808 2366 916 2414 paq.
959 2355 1126 2404 [tf-95.

639 2455 804 2513 Questa
835 2460 1065 2511 edizione,
1097 2458 1142 2500 di
1179 2459 1280 2500 data
1309 2459 1503 2509 apocrifa
1529 2488 1539 2508 ,
1573 2459 1661 2502 ben
1690 2461 1728 2501 s’
1750 2469 1916 2510 appose
1946 2461 1973 2500 it
2007 2461 2117 2503 Pelii
2151 2473 2238 2504 non

587 2536 738 2567 essere
769 2528 878 2568 stata
905 2526 1010 2568 satta
1041 2535 1064 2566 a
1097 2522 1309 2577 Ginevra‚
1339 2536 1412 2568 ma
1447 2522 1575 2568 bensi
1606 2537 1630 2567 a
1671 2527 1865 2568 Venezia
1895 2538 1977 2576 per
2005 2539 2237 2580 accompa-

584 2604 722 2646 gnare
755 2595 793 2635 ia
823 2595 1092 2638 Monarchia
1121 2595 1207 2635 alte
1247 2593 1358 2634 altre
1401 2603 1540 2644 opere
1570 2593 1614 2633 di
1644 2594 1783 2636 Dante
1814 2596 2070 2644 pubblicate
2102 2597 2157 2636 ivi
2200 2598 2242 2639 ta

582 2663 725 2711 prima
756 2662 872 2703 volta
892 2663 934 2702 in
960 2672 1018 2701 uu
1039 2671 1176 2711 corpo
1208 2661 1262 2701 da
1293 2659 1458 2702 Giovan
1490 2660 1649 2701 Batista
1679 2660 1889 2711 Pasquati
1934 2662 2005 2702 nel
2037 2664 2237 2706 173941.

580 2728 633 2769 Di
654 2729 744 2769 fatti
759 2727 1207 2770 nett'Avvertimeuto
1231 2727 1365 2768 latino
1384 2727 1423 2768 al
1446 2727 1607 2768 tettore
1629 2737 1858 2777 premesso
1881 2739 1903 2769 a
1927 2732 2087 2779 questo
2110 2730 2241 2772 Trat-

580 2796 669 2836 tato
701 2792 726 2836 ὁ
756 2795 896 2840 detto,
929 2796 1010 2836 che
1044 2796 1082 2835 ta
1114 2798 1286 2844 stampa
1314 2804 1369 2835 ne
1400 2794 1447 2835 fu
1471 2795 1669 2846 eseguita
1709 2796 1824 2846 cogti
1864 2798 1992 2838 stessi
2024 2800 2240 2851 caratteri‚

587 2864 707 2903 carta
740 2872 763 2902 e
794 2862 938 2903 forma
981 2861 1100 2902 delle
1143 2872 1281 2913 opere
1327 2862 1580 2903 medesime
1612 2871 1694 2912 per
1724 2864 1856 2911 poter
1886 2866 2048 2906 esservi
2082 2868 2202 2908 unito
2226 2899 2237 2919 ,

583 2939 714 2971 come
744 2931 974 2980 apparisce
1006 2930 1079 2970 dal
1110 2930 1298 2980 periodo
1329 2929 1460 2970 finale
1494 2927 1618 2982 (pag.
1652 2927 1771 2982 IV):
1804 2931 1937 2972 Hunc
1977 2932 2031 2972 de
2063 2935 2236 2975 Monar-

585 2996 683 3040 chia
711 2998 925 3049 libellum,
956 2998 1059 3039 olim
1088 3006 1117 3036 a
1145 2996 1318 3038 Simone
1348 2996 1559 3036 Schardio
1588 2996 1635 3034 in
1672 3006 1751 3037 suo
1783 2995 2003 3038 Tractatu
2049 2999 2104 3039 de
2150 2999 2236 3040 Im-

584 3065 741 3116 perialt
771 3066 1110 3116 Jurisdictione‚
1138 3065 1448 3116 Argentorati,
1478 3073 1595 3104 anno
1630 3063 1736 3103 1609
1764 3065 2055 3116 publicatum,
2086 3068 2238 3108 iisdem

588 3134 699 3183 iupis
720 3163 731 3183 ,
774 3131 931 3173 charta
973 3143 1027 3173 ac
1070 3130 1211 3181 forma
1232 3160 1245 3182 ,
1275 3131 1425 3181 quibus
1468 3131 1647 3170 caetera
1674 3130 1837 3169 Daulis
1879 3139 2013 3180 opera
2048 3133 2237 3173 Ioannes

586 3200 789 3251 Baptista
808 3200 1016 3252 Pasquali
1042 3200 1252 3250 vulgavit,
1278 3198 1506 3251 edidimus,
1525 3197 1576 3237 ut
1604 3197 1755 3237 iisdem
1785 3197 1983 3247 operibus
2011 3196 2142 3248 facilc
2168 3211 2238 3242 εο-

588 3270 703 3311 ciari
729 3270 880 3320 posset.
2102 3271 2105 3273 “

117 3351 172 3395 V.
214 3343 450 3404 venezia,
490 3349 725 3396 1757-58.
750 3348 929 3395 Daulis
953 3343 1191 3406 Aliqherii
1214 3347 1488 3393 Florentini
1512 3342 1806 3394 Monarchia
1836 3349 2021 3405 scripta
2060 3352 2235 3405 tempo-

599 3430 735 3475 ribus
772 3429 1008 3476 Ludovici
1049 3428 1244 3475 Bavari.
1281 3425 1593 3474 Accesserant
1633 3428 1686 3472 in
1727 3429 1816 3473 hac
1854 3429 1982 3473 nova
2025 3428 2233 3475 edicione

590 3513 846 3558 variantes
882 3524 947 3556 eo:
981 3509 1086 3557 MS.
1127 3509 1309 3555 Codice.
1356 3551 1358 3553 ,

641 3601 810 3655 Questo
841 3602 1019 3643 trattato
1047 3602 1114 3642 sta
1155 3599 1200 3641 in
1237 3600 1324 3640 tine
1367 3599 1453 3640 alla
1482 3597 1529 3639 P.
1559 3597 1602 3639 ΙΙ
1632 3597 1705 3638 del
1755 3599 1937 3640 volume
1969 3597 2031 3639 IV
2062 3597 2235 3640 dett’e·

586 3669 760 3711 dizione
792 3668 870 3733 qui
898 3668 1028 3710 citata
1057 3668 1174 3709 delle
1206 3676 1343 3717 opere
1364 3667 1409 3708 di
1430 3666 1570 3708 Dante
1591 3667 1786 3716 cseguita
1818 3667 1873 3707 da
1903 3665 2092 3709 Antonio
2114 3667 2234 3708 Zatta

587 3738 707 3778 nelia
735 3736 881 3777 forma
910 3735 955 3777 di
983 3734 1043 3776 ⁴⁰.
1067 3766 1079 3787 ,
1109 3735 1389 3776 contenendo
1419 3734 1434 3775 i
1481 3736 1548 3776 tre
1594 3734 1802 3776 anteriori
1836 3735 1876 3776 la
1906 3735 2072 3777 Divina
2111 3734 2229 3778 Com-

588 3807 730 3847 media
759 3815 839 3847 eon
872 3805 1010 3846 moite
1040 3804 1259 3845 incisioni.
