2696 4230
2097 264 2194 312 ¹27

862 372 1395 441 APPENDICE

82 553 237 588 mmm
264 550 536 589 scium-01³1
562 548 770 586 Armeni
795 550 826 584 E
849 549 1107 594 moneam,
1133 549 1231 585 cue
1256 551 1356 585 PER
1378 546 1652 584 meinENzA
1678 548 1708 582 0
1737 546 2172 584 ESPRESSAMENTE

467 630 807 665 τιιΑττΑιιοΝο
845 629 1012 664 BELLA
1045 618 1378 665 MoNARcmA
1418 629 1473 663 m
1507 618 1684 663 DANTE
1721 613 1782 677 ³).

983 792 1263 800 ...ὴ-’-

60 939 428 986 ALL1GH1ER1
466 938 700 996 DANTE,
740 939 967 994 Convito,
1008 940 1235 986 Trattato
1274 945 1356 988 iv.

1054 1075 1111 1120 N.
1150 1076 1186 1121 1.

594 1209 900 1271 Argomento
938 1204 1020 1255 dei
1059 1206 1284 1272 seguenti
1322 1207 1532 1272 capitoli
1573 1210 1642 1274 1).

57 1342 175 1388 Cn».
214 1342 294 1387 IV.
330 1338 522 1387 Mostra
557 1340 641 1385 che
679 1340 715 1383 ι’
743 1343 923 1398 impero
959 1342 1090 1387 della
1122 1342 1421 1389 Monarchia
1456 1344 1734 1390 universale
1786 1343 1810 1387 e'
1860 1341 2026 1389 voluto
2065 1343 2201 1389 dalla

119 1420 235 1466 pace
271 1408 348 1452 del
383 1411 596 1459 mond03
637 1410 692 1452 ed
729 1414 870 1452 entra
909 1421 938 1453 a
973 1420 1177 1465 provare
1218 1411 1304 1454 che
1341 1412 1381 1456 il
1421 1412 1638 1457 Romano
1676 1410 1732 1468 fu
1770 1413 2018 1455 costituito
2058 1423 2089 1454 a
2126 1413 2198 1457 tal

123 1478 219 1534 fine
255 1486 352 1518 non
388 1476 473 1530 qia·
506 1474 644 1520 dalla
677 1473 839 1531 form,
879 1488 960 1519 ma
994 1489 1080 1534 per
1118 1478 1171 1522 la
1206 1478 1412 1525 volonta'
1449 1481 1640 1533 divina,
1678 1478 1764 1523 che
1802 1478 1942 1523 diede
1979 1490 2009 1523 a
2049 1476 2202 1523 Roma

124 1543 165 1587 il
199 1543 500 1587 nascimento
540 1554 562 1586 e
597 1543 639 1586 il
675 1552 913 1598 processe.

56 1611 172 1658 CAP.
210 1612 266 1655 V.
303 1610 473 1656 Prova
506 1609 816 1662 miracolow,
858 1611 915 1655 ecl
952 1611 1109 1669 effetto
1148 1613 1202 1658 di
1237 1612 1346 1658 sola
1380 1614 1716 1670 provividenza
1752 1612 1944 1665 divina,
1986 1616 2124 1655 tanto
2164 1612 2202 1655 it

122 1678 429 1724 nascimento
467 1678 554 1722 che
592 1677 632 1721 il
668 1689 886 1733 processo
925 1679 976 1722 di
1012 1678 1169 1726 Roma
1205 1681 1329 1727 eittd
1362 1686 1510 1727 santa
1538 1712 1553 1734 ‚
1591 1682 1655 1726 da
1693 1679 1785 1726 Dio
1818 1685 2027 1737 pensata
2065 1691 2087 1722 e
2125 1690 2200 1724 or-

124 1746 300 1792 dinata
330 1757 421 1803 per
453 1747 562 1790 sede
598 1744 729 1791 della
767 1744 1063 1791 Monarchia
1100 1748 1388 1795 universale.

1060 1883 1115 1929 N.
1154 1885 1217 1930 11.

61 2015 343 2062 VERNANI
381 2016 433 2059 F.
473 2015 765 2062 GUIDONIS
801 2012 1133 2062 Ariminensis
1162 2051 1176 2071 ,
1215 2014 1410 2064 ordinis
1465 2016 1883 2066 praedicatorum
1908 2047 1923 2070 ,
1961 2015 2027 2060 De
2068 2022 2201 2071 pote-

122 2088 249 2128 state
283 2084 463 2127 snmmi
500 2082 779 2142 Pontifici-ts,
805 2088 851 2128 et
874 2087 928 2130 de
952 2087 1294 2140 reprobatione
1319 2085 1640 2132 Monarchiae
1666 2085 1959 2142 compositae
1983 2095 2012 2129 a
2039 2083 2194 2127 Dante

126 2147 400 2206 Altiyherio
437 2151 715 2208 florentino,
755 2153 1010 2197 Trai-tatus
1050 2154 1145 2197 duo
1182 2165 1309 2198 nnnc
1346 2156 1559 2210 primam
1595 2156 1649 2199 in
1685 2154 1840 2198 lucem
1875 2152 1997 2197 editi
2035 2149 2108 2210 2).

123 2215 422 2280 (Bononiae,
459 2220 795 2271 MDCCXLV1‚
836 2216 967 2279 apud
1006 2216 1255 2268 Thomam
1281 2219 1413 2276 Coli,
1440 2234 1507 2267 ex
1534 2216 1864 2284 typographia
1901 2233 1940 2266 s.
1968 2214 2199 2264 Thomae

199 2283 491 2346 Aquinatis,
531 2283 705 2339 in-S.⁰‚
743 2298 854 2347 pag.
898 2289 919 2332 1
963 2298 988 2331 a
1031 2283 1139 2349 88.)

123 2353 189 2399 La
229 2349 580 2398 confutazione
618 2351 752 2399 della
789 2353 1080 2400 Monarchia
1119 2351 1167 2398 di
1193 2357 1368 2401 ‘Dante
1407 2349 1573 2400 forma
1630 2350 1710 2400 nel
1757 2350 1889 2399 libro
1941 2347 1974 2396 il
2031 2347 2199 2411 primo

58 2415 143 2465 dei
175 2417 272 2465 due
300 2417 527 2471 Traiiaii⁹
566 2418 874 2466 ali'inverso
914 2418 1232 2467 dell'ordine
1257 2426 1531 2469 accennato
1569 2418 1651 2466 nel
1680 2416 2030 2482 frontispizi03
2068 2416 2200 2477 dopo

56 2483 95 2532 il
137 2484 288 2547 quale
328 2485 474 2534 viene
515 2483 548 2531 1⁹
574 2489 746 2534 avviso
797 2485 879 2534 dei
918 2485 1175 2547 tipograso
1212 2486 1259 2534 al
1298 2484 1480 2537 lettore
1505 2524 1518 2545 ‚
1574 2486 1623 2535 di
1679 2486 1860 2551 pagine
1895 2487 1927 2532 ἀι
1957 2519 1972 2541 ,
2010 2483 2203 2532 comin-

58 2552 238 2601 ciando
275 2550 374 2600 aila
425 2567 538 2615 pag.
578 2556 609 2600 7
647 2553 694 2601 10
733 2553 911 2601 scritto
950 2553 1073 2603 deii’
1098 2557 1288 2602 Autore
1327 2554 1443 2605 coll’
1468 2553 1780 2603 indirizzo—
1810 2577 1826 2595 «
1869 2553 1965 2599 Suo
2004 2556 2201 2598 carissi-

57 2634 134 2666 mo
154 2624 260 2680 filio
296 2620 514 2668 Gratiolo
539 2624 594 2667 cle
618 2624 976 2680 Bambayiolis‚
1001 2625 1186 2670 nobilis
1214 2623 1492 2671 Communis
1521 2624 1771 2670 Bononiae
1797 2621 2123 2674 cancellario,
2143 2620 2198 2663 F.

58 2686 214 2735 Guido
243 2689 489 2736 Vernanus
515 2693 569 2735 de
596 2688 836 2745 Arimino,
876 2692 1063 2736 ordinis
1088 2692 1511 2743 Praedia-aterum,
1547 2692 1774 2745 salute-m,
1801 2697 1847 2735 et
1881 2690 1953 2735 sie
1989 2688 2200 2734 transire

57 2769 144 2814 per
179 2758 303 2803 bona
342 2759 652 2813 temporalia,
688 2762 745 2802 ut
779 2769 878 2803 non
913 2761 1186 2814 perdantur
1222 2763 1422 2804 aeterna
1463 2780 1499 2803 n.

127 2827 265 2884 Dopo
307 2821 356 2868 di
395 2823 492 2870 che
532 2820 756 2884 procede
784 2856 800 2878 ‚
838 2838 986 2872 come
1023 2837 1177 2888 segue
1205 2857 1220 2880 ,
1258 2823 1294 2873 l’
1318 2822 1668 2874 introduzione
1695 2857 1711 2880 ‚
1769 2818 1864 2871 che
1901 2818 2072 2869 dianio
2109 2834 2200 2884 per

58 2888 229 2953 saggio
270 2886 393 2935 dell’
419 2903 591 2952 opera.

135 2977 151 2995 ‹-
196 2954 334 3004 Sicut
375 2970 530 3018 saepe
568 2953 848 3019 contingit,
886 2955 1020 3020 quod
1063 2972 1151 3006 vas
1189 2957 1238 3005 in
1277 2972 1501 3005 concavo
1539 2962 1710 3019 potum
1755 2954 1835 3004 vel
1872 2954 2042 3003 cibum
2082 2969 2199 3002 con-

65 3044 80 3063 ·
121 3022 282 3072 linens
318 3036 649 3080 venenosum,
686 3023 819 3073 vitae
858 3024 1136 3088 corporalis
1173 3030 1224 3074 ε1
1259 3024 1582 3076 transitoriae
1621 3022 1995 3086 peremptivum
2025 3057 2041 3077 ‚
2084 3036 2198 3086 pro-

120 3179 155 3233 *)
190 3180 408 3222 Abbiarno
439 3183 683 3231 procurato
728 3181 772 3222 di
804 3182 919 3232 porti
953 3184 998 3223 in
1029 3190 1097 3224 or-

66 3235 170 3276 dine
205 3238 510 3286 cronologico‚
539 3246 797 3287 comunque
827 3238 981 3279 nonio
1013 3239 1098 3278 sie·

66 3301 123 3331 no
156 3300 336 3340 sempr-e
368 3291 396 3330 l’
419 3292 624 3331 edizioni.
660 3292 712 3331 Di
745 3293 919 3341 alcuni,
952 3293 993 3333 le
1023 3293 1097 3334 cui

63 3355 203 3394 opere
238 3356 348 3387 sono
381 3356 484 3386 men
528 3345 642 3386 sarili
686 3356 709 3385 a
741 3348 977 3387 rinvenirsi
1002 3376 1014 3398 ‚
1059 3349 1095 3388 si

62 3400 207 3451 penso
239 3401 281 3441 di
313 3403 536 3449 ripertare
569 3400 762 3450 qualche
794 3404 996 3451 estraito,
1018 3412 1098 3452 op-

64 3465 179 3505 pure
213 3457 238 3496 11
272 3457 408 3496 breve
440 3465 572 3505 passo
605 3457 650 3497 in
684 3458 756 3497 cui
802 3458 838 3496 si
878 3457 920 3498 fa
952 3466 1097 3499 cenno

61 3511 179 3551 delia
209 3512 493 3553 Monarchia.
529 3512 660 3552 Parte
691 3513 734 3551 di
767 3520 865 3552 esse
895 3521 1006 3552 sono
1031 3513 1093 3552 in-

63 3566 211 3607 dicate
243 3568 314 3616 pel
348 3567 446 3606 solo
478 3567 605 3608 titolo
636 3566 877 3607 additatoei
909 3567 963 3606 da
994 3566 1096 3607 altri

62 3623 206 3662 autori
229 3634 240 3671 3
262 3632 287 3663 e
314 3622 358 3661 di
380 3621 605 3670 qualcuna
626 3631 714 3662 non
738 3623 773 3662 si
800 3623 886 3663 cita
908 3622 937 3661 il
960 3621 1097 3672 luogo

62 3685 87 3717 e
116 3677 155 3717 ia
178 3677 280 3717 data
303 3676 422 3717 delia
441 3678 632 3727 stampe,
653 3686 741 3718 non
764 3677 998 3718 essendosi
1021 3687 1097 3725 po-

64 3733 158 3774 iuto
172 3731 320 3775 averia
338 3731 404 3773 fra
427 3741 558 3772 mano
581 3742 662 3781 per
684 3731 823 3773 darne
846 3732 887 3772 ie
907 3731 1096 3773 relative

284 3799 444 3851 Dante,
477 3799 606 3842 Delta
637 3798 917 3842 Monarchia.

1167 3182 1331 3223 notizie
1362 3180 1715 3230 bibliografiche.

1224 3237 1265 3287 1)
1299 3236 1349 3276 In
1383 3238 1530 3285 questi
1563 3237 1651 3277 due
1684 3233 1889 3285 Capitoli,
1916 3245 1940 3274 e
1963 3233 2034 3274 nei
2065 3242 2200 3283 passo

1167 3291 1275 3330 deli'
1301 3292 1467 3333 Ottimo
1501 3291 1711 3333 Comento
1752 3292 1867 3330 sotio
1914 3290 1944 3328 l’
1969 3289 2106 3338 Aiieg.
2148 3287 2198 3328 N,

1166 3343 1344 3394 XXXII,
1380 3354 1577 3394 possano
1607 3346 1717 3385 dirsi
1749 3344 2055 3394 compendian
2081 3344 2110 3385 11
2134 3346 2201 3384 tre

1168 3401 1271 3442 libri
1303 3401 1421 3441 delia
1452 3401 1736 3442 Monarchia.

1223 3454 1267 3508 2)
1300 3456 1348 3496 10
1383 3465 1439 3496 ne
1472 3457 1619 3497 debbo
1651 3455 1689 3496 ia
1721 3454 1884 3494 notizia
1904 3453 1945 3492 ai
1967 3453 2057 3493 mio
2079 3453 2200 3493 buon

1166 3514 1419 3559 precetiore
1451 3510 1535 3552 che
1571 3511 1620 3552 fu
1652 3512 1718 3551 ab.
1754 3510 1873 3549 Santi
1911 3510 2144 3557 Fontana‚·
2175 3515 2201 3546 e

1165 3566 1198 3605 l’
1218 3574 1402 3607 esserne
1434 3566 1477 3605 in
1509 3575 1718 3615 possesso
1741 3595 1752 3616 ‚
1783 3565 1864 3604 alla
1896 3563 2087 3604 cortesia
2126 3561 2201 3602 dei

1167 3621 1236 3660 ch.
1268 3622 1348 3670 sig.
1381 3620 1581 3663 Gaetano
1620 3618 1832 3663 Giordani
1862 3648 1871 3668 ,
1919 3618 2201 3659 benemerito

1167 3674 1387 3724 Ispeitore
1411 3676 1530 3717 delia
1552 3675 1727 3726 insigne
1747 3674 1995 3726 bolognese
2018 3673 2203 3714 Pinace-

1167 3731 1279 3772 teca.

1953 3798 1980 3838 9
