2696 4230
426 229 489 274 50
1052 236 1120 272 DE
1158 228 1470 274 Monancma
1507 228 1609 272 Lm.
1650 229 1718 283 11,
1756 226 1808 273 C.
1846 222 1900 271 V.

429 353 444 371 u
488 334 932 395 Imperatoresque
970 329 1019 377 in
1056 330 1114 375 ea
1154 342 1209 376 re
1249 326 1469 375 maxime
1492 326 1694 375 laudem
1721 340 1904 391 capere
1930 324 2238 383 studuerunt,
2264 323 2304 373 si
2338 324 2541 392 provin-

429 435 444 453 ιι
485 412 605 468 cia5‚
644 411 684 461 si
723 410 891 460 socios
929 408 1183 471 aequitate
1222 415 1274 457 et
1310 405 1411 455 fide
1451 406 1823 457 defendissent:
1851 405 2026 472 itaque
2050 406 2175 456 illud
2200 408 2537 471 patrocinium

428 518 443 533 u
487 492 623 542 orbis
647 500 897 541 terrarum
923 489 1112 555 potius,
1141 502 1293 553 quam
1319 487 1599 552 Imperium
1629 492 1829 551 poterat
1853 488 2102 537 nominari
2126 513 2160 536 ι».
2182 494 2322 538 Haec
2341 488 2534 541 Cicero.

422 575 493 619 De
535 568 763 634 personis
799 576 966 619 autem
1006 567 1349 634 singularibus
1387 565 1748 632 compendiose
1791 568 2102 635 progrediar.
2152 568 2404 634 Numquid
2443 585 2541 620 non

423 650 614 700 honum
654 665 923 699 commune
959 649 1235 699 intendisse
1273 648 1475 698 dicendi
1515 655 1650 706 sunt,
1688 648 1772 714 qui
1810 648 1997 699 sudore
2023 685 2038 708 ,
2079 649 2164 715 qni
2204 655 2502 715 paupertate
2525 687 2542 711 ,

422 728 507 792 qui
547 727 725 786 exilio,
765 729 851 793 qui
887 727 1111 777 filiorum
1149 728 1433 786 orbatione,
1472 727 1558 792 qui
1596 727 1875 778 amissione
1911 728 2289 788 membrorum,
2329 730 2416 795 qui
2453 729 2538 781 de-

419 808 573 873 nique
611 811 891 860 animarum
928 810 1185 860 oblatione
1231 809 1421 859 bonum'
1463 808 1724 874 publicum
1765 826 1947 876 augere
1984 811 2144 861 conati
2183 814 2335 863 sunt?
2369 815 2545 863 Nonne

420 887 740 941 Cincinnatus
775 889 864 940 ille
904 898 1128 942 sanctum
1166 890 1318 940 nobis
1355 889 1566 953 reliquit
1601 890 1920 955 exemplum,
1945 890 2109 940 libere
2142 891 2430 956 deponendi
2469 891 2544 942 di-

422 969 666 1035 gnitatem
693 971 743 1019 in
779 972 993 1021 termino
1031 971 1106 1035 a),
1145 975 1254 1020 cum
1295 977 1592 1035 assumptus
1630 970 1695 1022 ab
1733 976 1902 1022 aratro
1941 971 2164 1024 Dictator
2187 971 2349 1023 factus
2374 976 2467 1031 est,
2491 977 2548 1022 ut

421 1050 598 1101 Livius
633 1053 841 1104 refert?
877 1059 938 1103 Et
972 1060 1086 1118 post
1121 1052 1414 1112 victoriam,
1454 1059 1565 1117 post
1600 1051 1932 1118 triumphum,
1968 1059 2166 1119 sceptro
2212 1053 2545 1120 imperatorio

425 1134 652 1184 restituto
692 1134 1026 1192 ConsulibuS,
1065 1134 1368 1185 subadactus
1407 1141 1519 1199 post
1556 1134 1714 1186 boves
1766 1134 1830 1184 ad
1869 1136 2050 1186 stivam
2088 1136 2137 1203 b)
2172 1150 2410 1186 reversus
2447 1140 2544 1186 est.

423 1215 622 1279 Quippe
647 1214 698 1263 in
737 1214 847 1281 ejus
883 1213 1087 1263 laudem
1125 1214 1298 1264 Cicero
1336 1219 1510 1264 contra
1547 1214 1849 1280 Epicurum,
1888 1215 1939 1264 in
1973 1216 2036 1266 iis
2074 1231 2204 1280 quae
2230 1222 2283 1266 de
2307 1219 2429 1266 Fine
2451 1218 2546 1264 Bo-

422 1308 598 1343 norum
636 1294 920 1359 disceptans
944 1330 958 1352 ,
997 1293 1151 1361 hujus
1189 1292 1423 1344 beneficii
1462 1310 1658 1344 memor
1691 1293 1822 1345 fuit:
1862 1297 2068 1358 Itaque,
2105 1294 2308 1360 inquit,
2357 1303 2402 1345 et
2436 1310 2540 1345 ma-

416 1382 551 1440 jores
574 1383 729 1427 nostri
755 1383 815 1428 ab
842 1388 1009 1428 aratro
1034 1383 1285 1427 duoeerunt
1309 1379 1651 1425 Cincinnatum
1686 1380 1850 1436 illum,
1875 1385 1929 1426 nt
1953 1381 2180 1427 Dictator
2207 1384 2343 1427 esset.
2369 1381 2543 1428 Nonne

423 1455 684 1507 Fabricius
709 1456 867 1508 altum
893 1460 939 1523 c)
965 1456 1115 1508 nobis
1141 1457 1280 1506 dedit
1315 1455 1609 1522 exemplum
1635 1456 1882 1508 avaritiae
1905 1456 2189 1516 resistendi,
2210 1461 2321 1507 cum
2349 1471 2544 1522 pauper

428 1537 673 1597 existens,
710 1555 802 1604 pro
839 1538 940 1589 fide
976 1544 1076 1605 qua
1111 1538 1441 1605 Reipublicae
1477 1537 1765 1595 tenebatur,
1803 1538 1916 1588 auri
1953 1539 2139 1606 grande
2176 1537 2374 1603 pondus
2399 1538 2545 1589 obla-

425 1624 531 1668 tum
570 1619 768 1677 derisit,
807 1637 865 1670 ac
901 1619 1126 1669 derisum
1165 1619 1322 1669 verba
1351 1618 1449 1667 sibi
1477 1619 1829 1669 convenientia
1867 1618 2079 1669 fundens
2106 1618 2365 1683 despexit,
2396 1622 2446 1668 et
2468 1633 2546 1667 re-

422 1696 605 1749 futavit
630 1700 654 1748 ?
690 1702 850 1766 Hujus
887 1699 1190 1749 memoriam
1228 1697 1496 1749 confirmat
1531 1704 1683 1749 Poeta
1720 1706 1890 1751 noster
1919 1699 1971 1749 in
1996 1704 2159 1760 sexto,
2184 1703 2297 1750 cum
2323 1704 2545 1751 caneret:

773 1818 783 1827 .
812 1818 823 1829 .
852 1819 861 1828 .
888 1820 899 1830 .
930 1797 1178 1844 parvoque
1212 1788 1453 1843 potentem

767 1862 1063 1910 Fabricium.

422 1940 684 2005 Numquid
722 1956 822 1991 non
857 1940 1181 2005 praeferendi
1219 1940 1364 2007 leges
1401 1941 1617 2006 propriis
1654 1942 1938 1994 commodis
1967 1978 1982 2001 ‚
2020 1940 2364 1993 memorabile
2398 1941 2548 1992 nobis

427 2021 697 2088 exemplar
731 2020 973 2071 Camillus
1008 2019 1147 2070 fuit?
1185 2020 1288 2084 qui,
1327 2021 1601 2072 secundum
1638 2021 1854 2080 Livium,
1893 2022 2157 2074 damnatus
2191 2021 2366 2082 exili0,
2415 2029 2550 2087 post-

426 2117 579 2169 quam
618 2102 836 2169 patriam
876 2100 1114 2151 liberavit
1150 2102 1428 2163 obsessam,
1466 2110 1516 2153 et
1551 2103 1715 2168 spolia
1751 2104 1906 2154 etiam
1943 2118 2153 2155 romana
2190 2110 2379 2155 Romae
2402 2103 2549 2154 resti-

425 2182 543 2240 tuit,
578 2183 818 2232 universo
853 2181 1045 2247 populo
1080 2181 1414 2241 reclamante,
1450 2181 1515 2230 ab
1554 2183 1687 2235 urbe
1724 2190 1895 2236 sancta
1930 2184 2181 2240 discessit,
2220 2199 2316 2233 nec
2341 2189 2453 2233 ante
2475 2199 2553 2232 re-

425 2277 607 2313 versus
646 2268 743 2319 est,
781 2276 933 2326 quam
972 2260 1071 2310 sibi
1108 2261 1415 2325 repatriandi
1452 2260 1661 2312 licentia
1717 2263 1780 2312 de
1818 2264 2121 2315 auctoritate
2159 2267 2367 2315 Senatus
2405 2261 2555 2313 allata

427 2350 580 2393 esset.
615 2348 677 2394 Et
710 2343 844 2392 hunc
880 2342 1251 2408 magnanimum
1289 2346 1445 2391 Poeta
1481 2343 1803 2393 commendat
1836 2344 1888 2393 in
1929 2352 2098 2404 sextu,
2132 2349 2245 2394 cum
2283 2342 2408 2394 dicit
2435 2360 2449 2388 =

859 2462 869 2471 .
899 2460 911 2472 .
947 2425 1232 2485 referentem
1267 2425 1409 2483 siqna
1446 2423 1726 2472 Camillum.

427 2509 602 2556 Nonne
640 2504 796 2563 filios,
835 2519 893 2553 an
929 2519 1028 2552 non
1065 2518 1241 2552 omnes
1280 2501 1407 2552 alios
1447 2501 1825 2566 postponendos
1861 2502 2058 2567 patriae
2094 2500 2340 2562 libertati,
2378 2505 2558 2552 Brutus

425 2584 523 2635 ille
562 2585 762 2651 primus
801 2582 1056 2633 edocuit?
1095 2598 1248 2647 quem
1285 2580 1451 2631 Livius
1488 2581 1632 2638 dicit,
1671 2580 1939 2632 Consulem
1974 2581 2296 2640 existentem,
2323 2581 2558 2648 proprios
2593 2643 2597 2646 .

426 2665 565 2715 filios
601 2680 715 2714 cum
753 2661 987 2712 hostibus
1023 2661 1366 2725 conspirantes
1401 2660 1550 2710 morti
1603 2660 1826 2711 dedisse.
1881 2660 2032 2727 Cujus
2084 2659 2246 2728 gloria
2281 2667 2555 2725 renovatur

427 2747 481 2798 in
517 2751 661 2799 sexto
699 2750 881 2796 Poetae
919 2743 1095 2802 nostri,
1134 2742 1197 2792 de
1233 2741 1344 2807 ipso
1382 2742 1649 2792 canentis:

621 2840 651 2877 ἐτ
694 2865 705 2876 .
747 2866 759 2877 .
798 2864 809 2875 .
848 2829 1092 2885 Natosque
1125 2830 1265 2885 pater
1296 2839 1424 2872 nova
1460 2827 1588 2872 bella
1623 2832 1872 2874 moventes

636 2907 707 2956 Ad
737 2920 943 2967 poenam
970 2907 1144 2966 pulcra
1178 2917 1270 2964 pro
1307 2905 1530 2952 libertate
1563 2906 1754 2953 vocabit
1790 2904 1860 2969 d).

430 2985 560 3046 Quid
584 3000 682 3037 non
707 2983 995 3034 audendum
1023 2999 1114 3049 pro
1139 2982 1316 3047 patria,
1345 2982 1491 3032 nobis
1513 2982 1701 3033 Mutius
1725 2982 1993 3047 persuasit,
2020 2985 2131 3033 cum
2156 2982 2414 3033 incautum
2433 2985 2555 3032 Por-

430 3084 605 3118 senam
624 3066 824 3124 invasit,
846 3080 904 3115 ac
924 3064 1106 3115 deinde
1126 3079 1326 3115 manum
1351 3079 1515 3122 suam,
1542 3067 1637 3128 qua
1665 3063 1976 3120 aberrasset,
1995 3079 2092 3113 non
2114 3063 2214 3114 alio
2235 3063 2376 3115 vultu
2400 3068 2552 3129 quam

437 3146 479 3197 si
506 3147 707 3198 hostem
733 3145 946 3197 cruciari
974 3144 1189 3203 videret,
1218 3143 1435 3194 cremari
1476 3142 1757 3208 aspiciebat
1781 3143 1805 3191 ?
1831 3142 1979 3203 Quod
2006 3149 2056 3192 et
2079 3142 2247 3192 Livius
2274 3142 2552 3193 admiratur

431 3227 762 3279 testificando.
789 3227 1044 3279 Accedant
1066 3225 1189 3276 illae
1213 3224 1584 3276 sacratissimae
1612 3223 1848 3274 victimae
1872 3224 2161 3283 Deciorum,
2180 3224 2263 3289 qui
2287 3240 2376 3290 pro
2394 3223 2553 3274 salute

430 3308 638 3374 publica
665 3309 873 3359 devotas
909 3308 1100 3357 animas
1138 3311 1413 3371 posuerunt
1439 3322 1453 3349 ··
1491 3311 1543 3355 ut
1580 3304 1769 3364 LiviuS‚
1806 3319 1903 3354 non
1942 3308 2181 3367 quantum
2217 3309 2292 3355 est
2327 3305 2551 3370 dignum,

434 3390 526 3442 sed
553 3393 790 3455 quantum
815 3388 994 3453 potuit,
1021 3386 1351 3455 glorificando
1379 3393 1568 3436 narrat.
1605 3385 1830 3435 Accedat
1866 3390 1916 3434 et
1951 3384 2077 3435 illud
2105 3384 2448 3435 inenarrabile
2477 3400 2553 3434 sa-

440 3468 689 3521 crificium
729 3467 1035 3519 severissimi
1071 3466 1324 3519 libertatis
1361 3465 1545 3517 tutoris
1582 3465 1737 3540 Marci
1777 3465 2013 3516 Catonis:
2053 3481 2272 3532 quorum
2305 3463 2431 3515 alter
2456 3480 2550 3531 pro

491 3665 540 3711 al
568 3667 675 3709 Cod.
708 3668 818 3710 Ven.
852 3668 958 3709 toto.
1571 3664 1613 3718 c)
1646 3664 1727 3707 Sic.
1761 3665 1868 3708 Cod.
1901 3667 2032 3717 Vcn.;
2062 3666 2105 3706 in
2138 3664 2253 3714 vulg.
2287 3664 2483 3707 alterum.

491 3725 533 3781 b)
561 3724 807 3769 Idem-ad
832 3726 965 3767 silvas
991 3723 1118 3766 libere
1149 3722 1230 3765 etc.
1567 3721 1614 3776 d)
1646 3722 1696 3765 ln
1727 3724 1846 3775 vulg.
1878 3733 1968 3766 non
1998 3719 2122 3766 recte
2149 3721 2340 3764 necavit.
2482 3723 2488 3737 s
