2696 4230
424 248 486 291 Μ
1045 254 1113 288 nr:
1154 244 1463 289 Momncnm
1499 242 1600 287 Lm.
1642 243 1733 295 ῐΠ,
1769 241 1820 288 C.
1861 242 1940 287 IV.

417 345 790 402 Scripturarum
815 344 1017 390 vacillat
1037 344 1327 386 ctvcetorz'tas.
1349 344 1454 406 Ego
1475 345 1643 389 autem
1665 339 1800 397 dico⁹
1827 340 1964 403 quod
1987 339 2026 390 si
2055 340 2172 391 talia
2194 341 2256 391 de
2280 340 2557 407 ignorantia

420 423 737 485 proveniant„
779 419 1095 481 correptione
1131 418 1401 483 diligenter
1444 418 1689 476 adhibita⁹
1722 419 2090 484 ignoscendum
2132 427 2226 479 est3
2265 422 2395 470 sicut
2422 422 2562 487 igno-

416 500 657 549 scendum
682 504 818 546 osset
838 496 930 553 itti,
958 494 1040 559 qui
1064 497 1267 545 leonem
1288 497 1338 545 iu
1365 497 1589 546 nubibus
1607 495 1927 547 formidaret.
1948 500 1995 548 Si
2021 505 2141 549 vero
2169 500 2556 556 industriamon

419 580 568 629 alitor
606 594 717 625 cum
757 577 829 625 sic
870 575 1156 624 errantibus
1196 586 1272 628 est
1310 577 1586 642 agendum,
1626 593 1775 639 quam
1816 594 1932 627 cnm
1970 581 2220 646 tyrannis,
2247 580 2331 644 qui
2356 581 2561 645 publica

413 659 526 724 jura
567 672 664 703 non
701 654 763 703 ad
805 670 1130 703 communem
1171 656 1446 717 utilitatem
1483 663 1797 719 sequuntur,
1838 656 1930 705 sed
1967 656 2030 706 ad
2086 659 2340 722 propriam
2400 664 2564 708 retor-

422 753 580 799 quere
615 744 878 786 conantur.
920 734 992 786 Oh
1033 752 1287 785 summum
1329 735 1545 794 facinus„
1571 737 1767 788 etiamsi
1805 740 2062 804 contingat
2099 740 2146 787 in
2184 740 2432 796 somniis,
2481 756 2563 789 ae-

416 816 540 864 terni
575 816 791 880 Spiritus
831 815 1108 863 intentione
1146 816 1282 864 abuti
1318 818 1330 864 l
1372 819 1481 865 Non
1521 817 1652 865 enim
1697 823 1936 881 peccatur
1974 818 2026 865 in
2071 821 2319 885 Moysen,
2365 834 2462 866 non
2508 818 2562 867 in

417 894 604 952 David„
642 910 738 944 non
776 895 823 942 in
862 893 977 951 J0h‚
1016 909 1113 941 non
1153 893 1201 941 in
1240 895 1584 953 Matthaeum‚
1621 910 1715 943 nec
1752 895 1803 943 in
1840 895 2072 954 Paulum,
2113 897 2200 947 sed
2240 898 2290 946 in
2320 897 2564 961 Spiritum

418 978 676 1030 Sanctum„
715 973 799 1038 qui
840 971 1068 1037 loquitur
1108 974 1157 1021 in
1197 973 1314 1022 illis.
1353 978 1477 1022 Nam
1517 989 1807 1040 quanquam
1847 976 2123 1039 scriptores
2168 976 2326 1025 divini
2372 976 2567 1042 eloquii

420 1052 563 1099 multi
600 1052 713 1110 sint,
751 1052 931 1101 unicus
968 1058 1135 1101 tamen
1175 1053 1388 1103 dictator
1429 1059 1505 1101 est
1543 1059 1713 1110 Deus,
1752 1054 1838 1119 qui
1881 1053 2254 1118 heneplacitum
2294 1071 2439 1104 suum
2482 1072 2569 1105 no-

421 1131 496 1179 bis
524 1148 614 1195 per
652 1131 923 1181 multorum
964 1132 1190 1182 calamos
1227 1133 1491 1197 explicare
1530 1132 1759 1198 dignatus
1796 1138 1886 1182 est.
1914 1133 2004 1182 His
2038 1132 2211 1197 itaque
2240 1135 2570 1196 praenotatis,

394 1214 477 1282 'ad
520 1213 569 1260 id
610 1212 745 1276 quod
787 1212 1024 1276 superius
1065 1213 1353 1271 dicebatur,
1395 1214 1511 1262 dico
1565 1230 1654 1277 per
1705 1213 2158 1278 interemptionem
2211 1211 2352 1262 illius
2406 1214 2567 1273 dicti,

419 1294 551 1358 quod
592 1293 778 1341 dictum
822 1300 916 1349 cst⁹
954 1293 1042 1341 illa
1079 1293 1177 1341 duo
1218 1293 1488 1344 luminaria
1528 1295 1695 1362 typice
1733 1293 2019 1358 importare
2057 1293 2158 1342 dno
2206 1292 2335 1342 haec
2364 1294 2571 1360 regimi-

417 1391 517 1432 na3
554 1373 601 1421 in
642 1390 742 1438 quo
784 1373 989 1438 quidem
1031 1374 1171 1423 dicto
1209 1381 1313 1424 tota
1353 1375 1432 1422 vis
1469 1374 1751 1437 argumenti
1789 1374 2036 1423 consistit.
2076 1374 2221 1432 Quod
2261 1382 2431 1423 autem
2480 1375 2571 1424 ille

424 1470 608 1502 sensus
644 1455 842 1501 omnino
883 1453 1125 1502 sustineri
1167 1470 1263 1502 non
1303 1453 1478 1519 possit⁹
1517 1453 1703 1517 duplici
1743 1453 1823 1500 via
1866 1457 2031 1516 potest
2079 1452 2298 1502 ostendi.
2354 1453 2523 1502 Primo
2553 1490 2569 1513 ‚

422 1534 537 1599 qnia
576 1539 687 1584 cum
729 1533 1020 1600 hujusmodi
1061 1534 1309 1599 regimina
1349 1534 1447 1583 sint
1484 1533 1767 1584 accidentia
1806 1533 2058 1597 quaedam
2097 1532 2257 1596 ipsius
2309 1533 2568 1591 hominis,

416 1614 683 1662 videretur
723 1619 857 1662 Deus
895 1630 1015 1662 usus
1065 1612 1226 1661 fuisse
1279 1613 1460 1662 ordine
1508 1629 1787 1678 perverso,
1839 1613 2120 1663 accidentia
2175 1611 2373 1663 scilicet
2425 1613 2568 1678 prius

418 1693 768 1758 produc-endo,
811 1710 963 1759 quam
1001 1694 1261 1758 proprium
1302 1694 1622 1760 subjectum3
1663 1694 1797 1759 quod
1836 1693 2118 1743 absurdum
2161 1698 2237 1742 est
2279 1693 2452 1742 dicere
2507 1694 2573 1743 de

417 1781 539 1824 Deo.
578 1779 706 1824 Nam
748 1773 836 1822 illa
877 1773 980 1823 duo
1021 1774 1295 1823 luminaria
1335 1774 1580 1839 producta
1619 1781 1732 1824 sunt
1768 1775 1850 1824 die
1889 1781 2070 1840 quarto
2099 1809 2114 1833 ,
2169 1780 2222 1824 et
2272 1773 2430 1824 homo
2484 1774 2571 1823 die

417 1860 595 1910 sexto3
634 1858 689 1901 ut
726 1859 867 1916 patet
906 1853 957 1901 in
998 1852 1199 1903 Littera.
1239 1859 1508 1903 Praeterea
1536 1887 1552 1910 ,
1591 1856 1704 1902 cum
1744 1853 1837 1903 ista
1874 1851 2124 1918 regimina
2162 1851 2262 1902 sint
2301 1850 2566 1901 hominum

418 1934 662 1983 directiva
715 1933 766 1982 in
825 1935 1074 1999 quosdam
1136 1933 1299 1993 fineS‚
1360 1919 1416 1984 ut
1466 1932 1598 1983 infra
1654 1933 1890 1998 patebit3
1949 1933 1990 1983 si
2049 1933 2204 1983 homo
2255 1933 2484 1984 stetisset
2519 1934 2573 1983 in

418 2019 544 2062 statu
589 2014 948 2075 innocentiae,
1005 2015 1055 2063 in
1116 2030 1215 2079 quo
1276 2029 1304 2062 a
1362 2019 1466 2063 Deo
1527 2010 1694 2062 factus
1751 2018 1860 2071 est,
1918 2012 2112 2062 talibus
2171 2011 2435 2062 directivis
2472 2028 2574 2063 non

417 2094 733 2161 indiguisset.
773 2099 893 2145 Sunt
929 2111 1049 2161 ergo
1089 2093 1385 2162 hujusmodi
1435 2094 1681 2159 regimina
1729 2093 1957 2143 remedia
2002 2098 2174 2143 contra
2219 2091 2570 2144 infirmitatem

417 2173 635 2239 peccati.
686 2179 851 2233 Quum
892 2191 1013 2240 ergo
1053 2190 1151 2224 non
1189 2174 1352 2224 solum
1393 2174 1443 2222 in
1483 2173 1565 2223 die
1602 2178 1783 2238 quarto
1824 2179 2064 2236 peccator
2103 2171 2261 2222 homo
2301 2187 2399 2221 non
2436 2180 2567 2232 erat,

422 2256 509 2304 sed
570 2255 724 2306 etiam
791 2256 1093 2321 simpliciter
1157 2255 1315 2305 homo
1372 2270 1470 2303 non
1533 2259 1672 2310 erat,
1727 2252 2013 2317 producere
2073 2252 2302 2303 remedia
2361 2259 2566 2304 certum

421 2341 500 2385 est
557 2335 714 2385 fnisse
755 2335 1018 2391 ociosum3
1081 2333 1217 2399 quod
1264 2339 1339 2383 est
1374 2337 1546 2382 contra
1604 2331 1825 2381 divinam
1884 2331 2178 2382 bonitatem.
2239 2331 2429 2382 Stultus
2466 2341 2572 2384 ete-

420 2415 523 2464 nim
578 2422 713 2466 esset
775 2415 1040 2472 medicuS,
1103 2414 1189 2480 qui
1247 2420 1362 2464 ante
1420 2410 1736 2462 nativitatem
1787 2410 2048 2468 hominis,
2107 2424 2199 2475 pro
2250 2417 2570 2476 apostemate

421 2496 637 2555 futuro,
698 2494 772 2544 illi
838 2496 1169 2559 emplastrum
1234 2492 1523 2544 conficeret.
1580 2495 1688 2542 Non
1746 2489 1896 2557 igitur
1951 2491 2222 2541 dicendum
2283 2497 2381 2549 est,
2433 2492 2572 2558 quod

424 2582 607 2637 quarto
646 2573 730 2622 die
767 2578 901 2622 Deus
942 2574 1068 2623 haec
1106 2573 1204 2622 duo
1244 2571 1491 2638 regimina
1529 2569 1584 2636 a)
1619 2570 1848 2626 secerit3
1885 2575 1936 2620 et
1987 2585 2078 2635 per
2127 2586 2446 2636 consequens
2494 2571 2565 2620 in-

422 2656 578 2705 tentio
615 2654 781 2722 Moysi
822 2670 932 2704 esse
972 2662 1069 2703 non
1107 2654 1276 2718 potuit
1310 2653 1420 2711 illa,
1461 2667 1614 2717 quam
1655 2649 1857 2718 fingunt.
1897 2658 2066 2701 Potest
2105 2652 2269 2701 etiam·
2297 2651 2393 2703 hoc
2430 2668 2575 2701 men-

424 2735 649 2793 dacium,
689 2733 952 2785 tolerando
979 2749 1069 2798 per
1094 2732 1473 2783 distinctionem
1515 2729 1739 2780 dissolvi.
1775 2729 1947 2780 Mitior
1985 2745 2204 2794 namque
2257 2737 2335 2781 est
2387 2731 2436 2779 in
2488 2731 2580 2780 ad-

426 2814 715 2864 versarium
756 2813 942 2863 solutio
981 2812 1310 2866 distinctiva‚·
1346 2826 1445 2859 non
1481 2810 1612 2858 enim
1654 2807 1860 2859 omnino
1899 2807 2148 2857 mentiens
2186 2823 2299 2858 esse
2349 2807 2574 2869 videtur,

424 2896 555 2946 sicut
591 2895 952 2962 interemptiva
988 2894 1116 2944 illud
1151 2893 1203 2960 b)
1242 2886 1411 2942 videri*
1442 2891 1576 2941 facit.
1615 2891 1738 2941 Dico
1781 2906 1939 2954 ergo,
1976 2889 2114 2954 quod
2154 2888 2277 2939 licet
2315 2894 2451 2939 Luna
2476 2905 2579 2939 non

428 2977 621 3027 habeat
657 2976 823 3025 lucem
864 2975 1212 3034 abundanter,
1246 2972 1345 3022 nisi
1381 2979 1435 3022 ut
1473 2988 1502 3021 a
1540 2971 1656 3022 Sole
1695 2970 1914 3035 recipit3
1954 2986 2053 3022 non
2091 2978 2302 3035 propter
2347 2970 2444 3022 hoc
2488 2986 2579 3019 se-

426 3057 630 3123 quitur,
670 3055 806 3120 quod
841 3055 953 3121 ipsa
990 3050 1125 3105 Luna
1163 3054 1229 3104 sit
1263 3067 1292 3101 a
1330 3052 1461 3103 Sole.
1499 3049 1639 3101 Unde
1677 3049 1959 3106 sciendum,
1997 3049 2133 3114 quod
2171 3048 2306 3099 aliud
2345 3054 2424 3099 est
2461 3064 2577 3100 esse

426 3139 584 3203 ipsius
620 3143 809 3198 Lunae,
850 3135 989 3187 aliud
1026 3137 1190 3185 virtus
1230 3134 1360 3201 ejus,
1401 3137 1450 3182 et
1488 3130 1628 3180 aliud
1666 3130 1890 3195 operari.
1927 3134 2177 3189 Quantum
2217 3136 2294 3180 est
2330 3129 2395 3178 ad
2436 3145 2574 3188 esse,

428 3219 568 3268 nullo
612 3220 763 3269 modo
802 3225 937 3269 Luna
969 3216 1230 3283 ‘dependet
1268 3230 1295 3263 a
1334 3213 1487 3269 Sole,
1529 3227 1624 3261 uec
1673 3210 1827 3259 etiam
1883 3215 2122 3277 quantum
2174 3211 2238 3262 ad
2287 3210 2529 3261 virtutem
2560 3242 2576 3266 ‚

426 3316 521 3349 nec
558 3303 801 3363 quantum
840 3299 902 3348 ad
942 3298 1290 3363 operationem
1331 3294 1670 3359 simplicitet-3
1709 3293 1827 3356 quia
1864 3299 2030 3344 motus
2069 3295 2178 3360 ejus
2213 3298 2342 3343 esta
2372 3298 2571 3342 motore

429 3380 613 3443 primo,
651 3384 701 3428 et
737 3378 992 3427 influentia
1033 3394 1120 3427 sua
1159 3382 1234 3427 est
1270 3392 1297 3425 a
1349 3374 1574 3440 propriis
1611 3373 1712 3422 suis
1752 3371 1921 3423 radiis.
1961 3371 2129 3422 Habet
2166 3370 2301 3420 enim
2349 3371 2575 3436 aliquam

428 3459 597 3508 lucem
639 3475 704 3508 ex
741 3475 814 3516 se,
854 3464 910 3505 ut
949 3462 994 3505 in
1036 3459 1144 3523 ejus
1184 3456 1359 3521 eclipsi
1402 3450 1722 3503 manifestum
1764 3458 1878 3510 est3
1916 3451 2006 3500 sed
2063 3454 2308 3516 quantum
2358 3450 2422 3500 ad
2471 3464 2579 3498 me-

485 3651 528 3703 a)
563 3653 673 3694 Cod,
706 3654 815 3695 Ven.
849 3652 1099 3693 luminaria.

484 3708 523 3757 b)
558 3710 627 3748 Sir
660 3721 763 3750 cum
799 3708 1010 3757 Diztnisio5
1044 3706 1176 3746 Amol
1209 3704 1283 3753 IV,
1314 3714 1352 3753 p.
1382 3705 1489 3744 101:
1520 3702 1624 3751 vulg
1672 3702 1798 3741 illum.
