2696 4230
997 300 1356 350 CLARISSIMI
1392 300 1637 349 POETAE
1676 304 2056 354 FLORENTINI

1114 452 1409 498 DAN'rls
1446 454 1944 500 ALLIGHERII

887 607 1096 643 SUMMA
1132 607 1503 644 MONARCHIA
1540 612 1781 648 INCIPIT
1818 613 2170 649 FELICITER.

1423 783 1623 792 ι-----.

1203 1022 1462 1093 LIBER
1515 1024 1840 1095 PRIMUS

1106 1220 1173 1255 DE
1211 1222 1562 1258 NECESSITATE
1600 1223 1937 1261 MONARCHIAB

1381 1572 1581 1622 CAPUT
1637 1577 1678 1623 I.

1309 1770 1642 1826 Prologus
1676 1768 1751 1829 a]

535 2040 809 2127 Omnium
835 2073 1119 2135 hominum,
1156 2091 1286 2143 quos
1309 2076 1372 2128 ad
1396 2092 1624 2130 amorem
1662 2077 1894 2132 veritatis
1919 2083 2090 2129 natura
2117 2077 2350 2144 superior
2381 2077 2595 2144 impres·

464 2157 561 2217 sit,
597 2156 690 2207 hoc
725 2156 950 2207 maxime
985 2156 1232 2208 interesse
1267 2159 1500 2219 videtur,
1537 2166 1591 2211 ut
1628 2160 2054 2226 quemadmodum
2078 2160 2139 2211 de
2162 2159 2339 2211 labore
2364 2160 2598 2225 antiquo·

463 2253 579 2289 rum
617 2236 761 2288 ditati
801 2242 943 2294 sunt,
979 2235 1047 2287 ita
1083 2245 1134 2289 et
1169 2238 1265 2302 ipsi
1303 2256 1395 2304 pro
1443 2238 1494 2305 b)
1544 2240 1764 2305 posteris
1811 2240 2086 2300 laborent,
2123 2246 2367 2306 quatenus
2406 2241 2471 2291 ab
2521 2240 2598 2290 eis

463 2315 738 2383 posteritas
775 2315 962 2366 habeat
997 2332 1099 2382 quo
1135 2317 1341 2369 ditetur.
1378 2323 1542 2385 Longe
1581 2334 1801 2385 namque
1840 2320 1905 2370 ab
1945 2320 2117 2371 officio
2156 2337 2211 2370 se
2247 2336 2479 2371 essenon
2506 2320 2594 2370 du-

463 2396 627 2456 bitet,
657 2395 742 2462 qui
775 2395 991 2462 publicis
1029 2396 1347 2449 documentis
1382 2397 1634 2457 imbutuS,
1669 2399 1732 2450 ad
1757 2399 2143 2464 Rempublicam
2170 2398 2365 2462 aliquid
2391 2399 2597 2449 adferre

464 2492 565 2527 non
592 2482 759 2527 curat:
795 2491 894 2526 non
920 2476 1050 2526 enim
1089 2485 1166 2530 est
1202 2477 1393 2545 lignum
1419 2479 1483 2546 c),
1521 2478 1656 2546 quod
1692 2495 1840 2529 secus
1874 2478 2118 2529 decursus
2148 2493 2396 2543 aquarum
2423 2476 2597 2529 fructi-

464 2557 586 2609 ficat
620 2557 672 2607 in
709 2561 942 2622 tempore
979 2576 1108 2618 suo;
1146 2560 1237 2611 sed
1275 2560 1437 2624 potius
1473 2559 1763 2627 perniciosa
1800 2576 1986 2626 vorago
2016 2575 2221 2626 semper
2243 2557 2594 2625 ingurgitanS,

467 2648 519 2692 et
554 2654 814 2704 nunquam
844 2638 1151 2707 ingurgitata
1188 2641 1464 2693 refundens
1501 2642 1570 2710 d).
1607 2647 1745 2693 Haec
1781 2641 1934 2707 igitur
1970 2656 2122 2706 saepe
2160 2657 2359 2691 mecum
2397 2640 2597 2706 recogi-

467 2727 612 2781 tanS,
647 2736 713 2773 ne
750 2719 816 2770 de
853 2719 1027 2772 infossi
1063 2721 1233 2773 talenti
1270 2722 1420 2788 culpa
1456 2722 1759 2788 quandoque
1785 2722 2097 2789 redarguar,
2133 2722 2372 2789 publicae
2396 2720 2597 2772 utilitati

465 2821 566 2855 non
603 2803 753 2854 modo
789 2811 1116 2871 turgescere,
1153 2805 1272 2871 quin
1307 2804 1408 2854 imo
1460 2803 1771 2855 fructificare
1826 2804 2062 2855 desidero
2087 2841 2101 2862 ,
2148 2809 2199 2855 et
2240 2803 2509 2855 intentatas
2546 2802 2592 2870 e)

464 2887 529 2937 ab
556 2887 673 2937 aliis
705 2886 975 2937 ostendere
1009 2886 1266 2937 veritates,
1303 2890 1430 2937 Nam
1469 2902 1622 2951 quem
1658 2884 1880 2936 fructum
1919 2886 2048 2937 ferat
2082 2887 2189 2946 ille,
2216 2886 2302 2952 qui
2329 2885 2599 2936 theorema

467 2967 723 3037 quoddam
775 2967 1002 3018 Euclidis
1057 2966 1244 3017 iterum
1295 2967 1714 3020 demonstraret?
1752 2966 1835 3033 qui
1871 2967 1935 3017 ab
1986 2966 2259 3018 Aristotele
2299 2964 2596 3017 felicitatem

468 3056 758 3110 ostensam,
795 3048 1127 3100 reostendere
1165 3049 1478 3101 conaretur?
1515 3047 1599 3114 qui
1636 3053 1951 3099 senectutem
1981 3065 2008 3098 a
2035 3047 2278 3099 Cicerone
2301 3045 2561 3097 defensam
2582 3080 2598 3104 ,

464 3136 754 3180 resumeret
789 3128 1194 3180 defensandam?
1227 3128 1437 3180 Nullum
1492 3129 1710 3195 quippe,
1747 3129 1838 3180 sed
1889 3127 2149 3179 fastidium
2187 3127 2354 3194 potius
2391 3126 2480 3176 itta
2517 3142 2599 3176 su·
2692 3160 2696 3165 -

468 3211 724 3278 perfluitas
761 3210 985 3262 taediosa
1022 3214 1317 3276 praestaret.
1368 3213 1599 3274 Cumque
1652 3210 1788 3262 inter
1832 3209 1961 3261 alias
2013 3209 2250 3262 veritates
2287 3205 2513 3259 occultas
2550 3211 2602 3259 et

465 3292 652 3351 utiles,
687 3292 984 3358 temporalis
1020 3290 1350 3343 Monarchiae
1387 3290 1565 3344 notitia
1613 3290 1886 3344 utilissima
1924 3291 2018 3352 sit,
2060 3295 2111 3342 et
2144 3289 2366 3342 maxime
2403 3288 2558 3340 latens
2582 3323 2599 3348 ,

525 3497 571 3554 a)
586 3501 652 3542 Ex
673 3498 1009 3542 codMarciano
1029 3498 1502 3552 n.CCIV,classX1V,
1627 3498 1672 3554 d)
1703 3501 1835 3552 Vulg.
1855 3497 2295 3552 prave—refundaris.
2314 3496 2369 3538 Ut
2388 3502 2468 3536 nos
2488 3493 2597 3537 Cod.

469 3557 745 3608 sumpsimus
777 3555 1014 3598 titulum—
1037 3556 1248 3608 Proloqus
1265 3574 1336 3609 ——,
1353 3557 1431 3609 qui
1458 3557 1502 3599 in
1572 3556 1824 3600 Vaticanus.
2561 3606 2569 3615 ‚

468 3613 588 3662 vulg.
621 3613 755 3654 deest.
1628 3610 1666 3664 e)
1697 3613 1807 3655 Cod.
1839 3613 1937 3659 Vat.
1969 3614 2019 3657 in
2055 3612 2280 3663 intentam
2324 3607 2508 3651 fortasse
2550 3616 2599 3647 m

529 3667 571 3721 b)
601 3668 651 3709 In
682 3668 783 3709 cod.
815 3668 930 3709 Ven.
961 3666 1237 3721 deest—pro.
1573 3669 1790 3714 inventas.

534 3725 577 3777 c)
606 3723 654 3765 C.
687 3724 799 3767 ven.
831 3726 1014 3776 sianum,
