2696 4230
355 190 419 236 58
975 203 1043 238 nr:
1078 192 1392 239 MoNAncmA
1425 188 1530 238 Lm.
1570 191 1635 248 Π,
1673 189 1725 239 C.
1750 193 1862 241 Vll.

1249 370 1448 418 CAPUT
1485 371 1615 420 VIII.

427 606 502 655 Ad
544 604 675 653 bene
714 619 918 670 quoque
951 604 1240 655 venandum
1296 604 1572 657 veritatem
1611 603 1869 668 quaesiti,
1928 603 2060 654 scire
2098 610 2332 670 oportet,
2369 606 2506 672 quod

360 683 585 731 divinum
619 682 869 748 judicium
909 682 961 731 in
998 683 1155 734 rebus
1195 676 1504 749 quandoque
1541 681 1843 734 hominibus
1871 690 1947 735 est
1978 683 2326 742 manifestum,
2349 701 2507 750 quan-

361 763 531 825 doque
570 763 845 813 occultum.
881 769 941 813 Et
979 761 1304 813 manifestum
1343 769 1512 828 potest
1546 779 1663 812 esse
1703 762 2016 829 dupliciter,
2055 765 2250 815 ratione
2290 763 2508 821 scilicet,

358 848 409 892 et
447 839 566 889 fide.
604 844 730 891 Nam
771 843 1020 907 quaedam
1051 842 1244 908 judicia
1280 842 1369 892 Dei
1407 850 1554 902 sunt,
1592 843 1654 893 ad
1699 859 1831 907 quae
1875 844 2099 893 humana
2126 843 2256 895 ratio
2286 841 2509 908 propriis

356 922 584 986 pedibus
622 923 912 989 pertingere
948 930 1144 988 potest3
1184 924 1315 976 sicut
1351 925 1414 975 ad
1452 925 1577 975 hoc:
1616 925 1761 983 Quod
1805 923 1963 975 bomo
2003 940 2099 990 pro
2135 924 2188 984 a)
2228 923 2387 973 salute
2425 937 2511 987 pa-

359 1000 492 1050 triae
531 1002 758 1066 seipsum
798 1005 1036 1066 exponat.
1070 1006 1196 1053 Nam
1224 1003 1265 1052 si
1304 1019 1419 1068 pars
1456 1005 1611 1055 debet
1649 1020 1703 1053 se
1731 1019 1999 1067 exponere
2032 1019 2124 1068 pro
2154 1001 2312 1051 salute
2338 1001 2511 1057 totius;

359 1083 468 1129 cum
508 1079 662 1131 homo
702 1081 764 1130 sit
798 1096 916 1145 pars
954 1081 1495 1145 quaedamfcivitatiS,
1541 1087 1599 1132 ut
1635 1080 1706 1132 ait
1753 1080 2104 1146 Philosophus
2141 1080 2192 1129 in
2230 1081 2335 1130 suis
2373 1083 2513 1128 Poli-

366 1164 485 1219 tii33
523 1159 676 1209 homo
714 1176 806 1226 pro
841 1159 1002 1225 patria
1039 1159 1194 1210 debet
1232 1175 1495 1224 exponere
1533 1160 1782 1225 seipsum,
1826 1166 2073 1225 tanquam
2116 1159 2280 1207 minus
2317 1158 2508 1209 bonum

359 1254 452 1303 pro
490 1238 712 1288 meliori.
750 1238 890 1289 Unde
942 1238 1284 1304 Philosophus
1333 1245 1397 1289 acl
1432 1241 1821 1290 Nicomachum:
1873 1240 2095 1289 Amabilc
2142 1243 2334 1300 quidem
2371 1255 2469 1288 esse
2493 1275 2510 1297 ,

367 1324 414 1368 et
449 1321 539 1365 iani
573 1321 668 1367 soli
702 1322 896 1376 melius,
929 1322 1012 1365 scd
1050 1322 1269 1368 (livinius
1305 1323 1438 1380 qemi
1474 1328 1522 1369 et
1558 1323 1775 1369 civitati.
1813 1323 1874 1369 Et
1901 1317 2272 1384 hocjudicium
2311 1318 2405 1367 Dei
2440 1322 2517 1367 est

367 1396 747 1462 cognoscibile:
787 1395 937 1446 aliter
967 1395 1191 1447 humana
1222 1398 1352 1448 ratio
1390 1398 1439 1447 in
1474 1401 1562 1448 sua
1599 1398 1910 1448 rectitudine
1947 1413 2045 1447 non
2083 1403 2392 1463 sequeretur
2428 1412 2515 1446 na-

368 1482 510 1525 turae
550 1474 921 1532 intentionem,
958 1475 1094 1540 quod
1130 1481 1207 1525 est
1242 1475 1580 1540 impossibile.
1633 1478 1897 1536 Quaedam
1954 1482 2124 1527 autem
2165 1482 2277 1526 sunt
2309 1477 2400 1526 Dei
2434 1477 2514 1542 ju·

365 1556 534 1615 dicia,
570 1557 635 1606 ad
666 1571 795 1622 quae
833 1555 1054 1606 humana
1092 1557 1218 1607 ratio
1245 1593 1259 1616 ,
1297 1558 1389 1608 etsi
1430 1573 1495 1607 ex
1531 1558 1747 1624 propriis
1786 1559 2080 1624 pertingere
2108 1556 2319 1621 nequit,
2347 1557 2515 1606 eleva-

361 1644 447 1686 tur
483 1646 651 1689 tamen
691 1638 755 1688 ad
790 1636 877 1686 illa
901 1653 1014 1686 cum
1044 1637 1295 1704 adjutorio
1333 1636 1476 1698 fidei,
1515 1644 1564 1689 et
1597 1655 1775 1690 eorum
1810 1655 1941 1705 quae
1979 1640 2029 1688 in
2053 1636 2211 1689 sacris
2232 1636 2401 1687 literis
2428 1653 2516 1686 no-

363 1716 442 1765 bis
468 1716 603 1765 dicta
633 1722 779 1773 sunt,
818 1714 949 1764 sicut
984 1715 1048 1764 ad
1084 1714 1213 1765 hoc:
1251 1715 1395 1775 Quod
1432 1732 1607 1778 nemo,
1647 1724 2112 1783 quantumcumque
2149 1716 2435 1766 moralibus
2469 1718 2518 1765 et

362 1795 804 1846 intellectualibus
839 1793 1151 1855 virtutibuS,
1204 1802 1257 1846 et
1294 1797 1572 1846 secundum
1625 1796 1861 1848 habitum
1918 1807 1971 1851 et
2018 1798 2292 1849 secundum
2339 1812 2518 1862 opera-

364 1877 554 1927 tionem
595 1874 856 1941 perfectus
880 1911 894 1933 ,
930 1875 1128 1939 absque
1168 1873 1269 1925 fide
1307 1876 1493 1928 salvari
1530 1883 1737 1942 potest;
1776 1880 1924 1938 dato,
1961 1879 2098 1944 quod
2137 1891 2401 1940 nunquam
2427 1876 2519 1925 ali-

365 1954 485 2018 quid
525 1955 588 2004 de
625 1955 824 2004 Christo
862 1955 1153 2005 audiverit:
1192 1969 1304 2003 nam
1338 1955 1437 2006 hoc
1475 1957 1605 2006 ratio
1644 1955 1865 2008 humana
1904 1974 1995 2023 per
2034 1973 2089 2007 se
2109 1958 2308 2024 justum
2331 1954 2521 2006 intueri

366 2050 463 2084 non
505 2041 720 2099 potest,
759 2033 862 2084 fide
903 2042 1074 2086 tamen
1111 2034 1284 2101 adjuta
1321 2038 1503 2099 potest.
1543 2035 1794 2101 Scriptum
1827 2042 1903 2086 est
1940 2037 2076 2086 enirn
2104 2035 2168 2085 ad
2193 2034 2519 2086 Haebraeos:

367 2118 679 2175 Impossibile
718 2121 786 2163 est
821 2119 926 2163 sine
958 2118 1050 2177 sicle
1104 2118 1299 2175 placere
1349 2117 1465 2162 Dec.
1501 2117 1565 2165 Et
1615 2114 1668 2163 in
1706 2115 1973 2166 Levitico:
2016 2118 2177 2164 Homo
2218 2118 2424 2177 quilibet
2459 2120 2520 2163 de

368 2200 509 2244 domo
546 2198 736 2254 Israel,
779 2201 866 2258 qui
901 2199 1136 2246 occiderit
1170 2198 1367 2253 boz-em,
1406 2201 1496 2244 aut
1530 2211 1669 2246 ovem
1692 2231 1706 2253 ,
1745 2202 1831 2245 aut
1875 2211 2075 2259 capram
2124 2200 2179 2244 in
2215 2199 2393 2244 castris
2437 2198 2522 2243 *vel

371 2282 519 2322 caetra
555 2281 757 2330 castra,
794 2280 840 2322 et
873 2290 973 2322 non
1009 2278 1243 2323 obtulerit
1279 2278 1342 2323 ad
1378 2279 1558 2322 ostium
1596 2278 1905 2324 tabernaculi
1939 2278 2235 2325 oblationem
2271 2277 2482 2323 Domino
2508 2308 2523 2333 ,

370 2357 628 2413 sanquinis
665 2368 772 2402 rcus
811 2356 919 2401 erit.
956 2352 1150 2403 Ostium
1187 2351 1505 2402 tabernaculi
1543 2352 1806 2403 Christum
1842 2352 2059 2419 figurat,
2098 2352 2186 2418 qui
2225 2358 2303 2402 est
2339 2351 2522 2401 ostium

372 2434 630 2483 conclavis
668 2434 901 2492 aeterni,
936 2440 993 2484 ut
1029 2450 1094 2483 ex
1129 2431 1407 2498 Evangelio
1444 2432 1564 2483 elici
1604 2439 1800 2497 potest:
1838 2432 2030 2483 occisio
2057 2432 2372 2489 animalium,
2399 2446 2522 2496 ope-

372 2510 601 2561 rationes
638 2511 902 2562 humanaS.
942 2511 1208 2562 Occultum
1245 2515 1365 2561 vero
1401 2518 1478 2560 est
1508 2511 1765 2577 judicium
1803 2510 1895 2560 Dei
1933 2509 1997 2559 ab
2035 2509 2261 2560 humana
2293 2509 2525 2565 ratione,

377 2606 510 2655 quae
549 2605 645 2640 nec
681 2591 802 2656 lege
838 2596 1088 2648 naturae,
1112 2590 1346 2655 neclege
1385 2588 1570 2653 scripta
1593 2589 1795 2640 adeum
1835 2587 2111 2654 pertingit3
2152 2588 2240 2638 sed
2275 2588 2339 2638 de
2366 2589 2528 2654 gratia

379 2667 588 2733 speciali
619 2667 926 2733 quandoque
946 2667 1200 2733 pertingit:
1224 2668 1362 2733 quod
1398 2665 1453 2717 fit
1475 2666 1708 2732 pluribus
1735 2668 1938 2728 modis3
1977 2667 2283 2733 quandoque
2309 2666 2531 2731 simplici

377 2746 712 2805 revelatione,
753 2747 1060 2811 quandoque
1088 2745 1427 2805 revelatione,
1453 2745 1819 2811 disceptatione
1847 2746 2066 2811 quadam
2094 2745 2364 2794 mediante.
2404 2744 2531 2795 Sim-

380 2826 502 2893 plici
525 2824 838 2877 revelatione
861 2826 1156 2889 dupliciter:
1183 2831 1269 2874 aut
1295 2831 1476 2891 sponte
1511 2825 1620 2883 Dei,
1639 2829 1723 2874 aut
1759 2824 1984 2877 oratione
2005 2825 2323 2890 impetrante.
2344 2828 2530 2889 Sponte

375 2906 467 2955 Dei
490 2905 787 2971 dupliciter:
817 2911 903 2956 aut
929 2910 1296 2969 expresse,aut
1321 2920 1413 2969 per
1431 2904 1937 2969 signum.Expresse,
1965 2903 2097 2954 sicut
2122 2902 2406 2953 revelatum
2435 2901 2534 2952 suit

371 2986 625 3053 judicium
667 2985 893 3043 Samueli
930 2990 1106 3036 contra
1136 2981 1378 3042 Saulem,
1415 2998 1509 3050 per
1545 2982 1771 3048 signum,
1809 2982 1942 3033 sicut
1970 2983 2219 3034 Pharaoni
2248 2982 2530 3033 revelatum

375 3065 472 3115 fuit
505 3082 596 3132 per
632 3065 830 3134 signum
855 3103 870 3126 ,
909 3065 1045 3130 quod
1101 3071 1236 3116 Deus
1268 3062 1594 3132 judicaverat
1630 3064 1681 3131 b)
1730 3063 1792 3113 de
1847 3063 2154 3113 liberatione
2193 3062 2419 3113 filiorum
2458 3069 2531 3113 Is·

378 3146 507 3194 rael.
546 3147 786 3197 Oratione
823 3146 1168 3211 impetrante,
1207 3144 1340 3210 quod
1381 3142 1646 3201 sciebant,
1684 3142 1772 3206 qui
1811 3140 2081 3191 dicebant:
2110 3144 2228 3191 Cilm
2253 3146 2532 3203 iquoramas

381 3231 501 3287 quid
538 3241 679 3287 aqcre
717 3232 993 3285 debeamus,
1028 3227 1118 3276 hoc
1157 3229 1317 3275 soliim
1354 3227 1585 3273 habemus
1625 3226 1842 3281 residui,
1878 3231 1935 3271 ut
1971 3227 2036 3271 acl
2074 3230 2120 3271 te
2161 3225 2322 3272 oculos
2346 3226 2534 3283 diriga-

388 3323 494 3355 mus
531 3305 600 3372 c).
660 3306 1035 3371 Disceptatione
1070 3309 1194 3357 vero
1232 3301 1489 3353 mediante
1529 3301 1841 3368 dupliciter:
1892 3309 1978 3353 aut
2029 3308 2204 3362 sorte,
2247 3305 2333 3353 aut
2366 3308 2533 3353 certa·

446 3521 492 3575 α)
524 3523 573 3564 In
604 3523 722 3574 vulg.
756 3521 889 3563 deest
917 3529 1031 3572 pr03
1063 3529 1151 3562 non
1189 3522 1342 3562 tamen
1374 3521 1418 3561 in
1491 3521 1650 3563 versio:
1684 3520 1725 3559 in
1758 3519 1877 3569 vulg.
1909 3518 2196 3561 indicaverat.

393 3579 505 3620 Cod.
539 3579 648 3619 Ven.
682 3580 727 3620 et
756 3579 856 3618 ssor.
886 3577 996 3617 edit.
1548 3574 1591 3629 c)
1623 3575 1733 3619 Cod.
1765 3575 1881 3618 Ven.
1914 3574 2126 3617 addit—2
2155 3572 2351 3624 Paralip.

449 3633 489 3686 b)
523 3635 590 3676 Sic
633 3632 954 3685 corrigendum
1002 3629 1232 3674 consuluit
1274 3629 1421 3673 italica
