2696 4230
471 216 539 264 40
1102 191 1177 260 *DE
1212 216 1529 263 Momncnm
1568 215 1672 260 Lm.
1710 215 1777 270 ΙΙ,
1815 215 1866 261 C.
1906 216 1993 260 111.

476 314 727 372 ulteriu5‚
768 316 901 380 quod
942 316 1110 364 divina
1149 313 1384 362 voluntas
1424 313 1691 377 sit-ipsum
1736 315 1839 380 jus.
1887 318 1946 363 Et
1982 313 2172 365 iterum
2211 329 2276 363 ex
2314 314 2413 364 hoc
2451 317 2621 382 sequi-

482 399 601 451 ων,
642 393 779 455 quod
810 394 895 458 jus
930 392 980 439 in
1019 392 1174 439 robus
1212 390 1334 438 nihil
1377 399 1454 441 est
1482 391 1642 449 alind,
1681 408 1831 456 quam
1882 391 2160 443 similitudo
2201 393 2405 443 divinae
2443 394 2620 444 volun-

475 471 606 520 tatis.
638 471 773 520 Unde
812 470 898 526 fit,
939 469 1074 532 quod
1114 469 1356 533 quicquid
1397 470 1596 518 divinae
1635 470 1877 519 voluntati
1917 485 2014 520 non
2045 477 2315 531 consonat,
2353 471 2519 535 ipsum
2539 473 2624 539 jus

480 565 594 598 esse
633 564 728 596 non
766 546 959 611 possit3
998 553 1048 597 et
1086 548 1330 612 quioquid
1369 548 1571 597 divinae
1609 547 1854 597 voluntati
1894 555 1973 599 est
1996 566 2273 599 consonum
2298 586 2312 608 ,
2344 551 2428 616 jus
2456 550 2623 616 ipsum

479 630 556 678 sit.
594 632 918 690 Quapropter
953 641 1233 689 quaerere,
1271 633 1442 690 utrum
1490 627 1553 677 de
1588 627 1701 695 jure
1740 626 1933 679 factum
1989 628 2053 679 sit
2087 630 2280 694 aliquid
2305 665 2320 687 ,
2369 629 2491 680 licet
2528 629 2627 680 alia

480 709 637 756 verba
678 707 812 765 sint,
850 706 976 756 nihil
1016 713 1184 757 tamen
1223 706 1363 756 aliud
1402 708 1683 773 quaeritur,
1722 712 1873 773 quam
1912 713 2078 760 utrum
2118 710 2308 761 factum
2339 710 2403 760 sit
2448 725 2629 759 secun-

482 789 596 836 dum
638 788 774 850 qnod
813 794 941 838 Deus
978 788 1101 838 vult.
1140 788 1251 837 Hoc
1306 803 1427 852 ergo
1480 793 1830 852 supponatur,
1887 790 2022 854 quod
2067 791 2195 841 illud
2233 790 2368 857 quod
2401 795 2536 840 Deus
2574 790 2624 838 in

481 866 749 914 hominum
788 868 1030 917 societate
1067 866 1209 925 vult,
1247 866 1373 917 illud
1427 883 1521 932 pro
1571 882 1697 917 vero
1736 872 1890 932 atque
1941 869 2139 919 sincero
2172 870 2291 936 jure
2328 868 2622 919 habendum

482 944 563 994 sit.
601 951 879 996 Praeterea
918 947 1208 996 meminisse
1249 951 1477 1011 oportet,
1517 947 1653 1011 quod
1693 945 2042 1011 Philosophus
2079 948 2232 998 docet
2276 947 2327 996 in
2365 946 2532 1010 primo
2570 953 2629 997 ad

482 1028 870 1074 Nicomachum:
913 1028 1022 1075 Non
1066 1030 1303 1076 similiter
1337 1032 1390 1076 in
1426 1031 1564 1076 omni
1596 1031 1803 1075 materia
1840 1033 2074 1078 certitudo
2112 1033 2388 1090 quaerenda
2426 1033 2517 1087 est,
2553 1031 2632 1077 sed

482 1111 751 1155 seeundum
790 1111 919 1170 quod
955 1113 1135 1156 natura
1170 1111 1246 1155 rei
1281 1111 1521 1171 subjectae
1559 1112 1750 1169 recipit.
1788 1114 2001 1172 Propter
2041 1109 2178 1172 quod
2217 1107 2526 1158 sufficienter
2551 1123 2631 1159 ar-

484 1194 723 1250 gumenta
762 1188 858 1237 sub
894 1186 1096 1237 invento
1135 1186 1391 1251 principio
1431 1187 1743 1252 procedent,
1780 1187 1820 1236 si
1860 1202 1926 1236 ex
1965 1186 2250 1237 manifestis
2288 1185 2446 1251 signis
2482 1191 2632 1250 atque

486 1264 767 1328 sapientum
789 1266 1186 1319 auctoritatibus
1204 1265 1288 1331 jus
1309 1264 1448 1315 illius
1474 1264 1648 1330 populi
1672 1264 1880 1329 gloriosi
1921 1270 2214 1331 quaeratur.
2252 1263 2497 1314 Voluntas
2523 1264 2636 1329 qui-

487 1344 605 1392 dem
646 1343 734 1393 Dei
761 1360 853 1408 per
889 1361 943 1396 se
978 1342 1251 1393 invisibilis
1292 1348 1399 1394 est:
1434 1348 1486 1394 et
1521 1342 1804 1393 invisibilia
1841 1342 1956 1402 Dei,
1982 1358 2076 1406 per
2102 1358 2164 1392 ea
2191 1341 2474 1408 quaefacta
2501 1350 2635 1399 sunt,

485 1420 748 1470 intellectu
770 1423 820 1487 a)
848 1421 1236 1486 conspiciuntur.
1275 1425 1401 1471 Nam
1425 1421 1628 1471 occulto
1650 1419 1902 1473 existente
1940 1420 2132 1487 sigillo,
2151 1435 2270 1470 cera
2299 1419 2544 1484 impressa
2570 1420 2634 1469 de

488 1499 580 1549 illo
602 1536 616 1558 ‚
657 1500 890 1563 quamvis
920 1501 1121 1552 occulto
1145 1536 1160 1558 ‚
1190 1500 1347 1551 tradit
1381 1502 1606 1552 notitiam
1647 1498 2006 1551 manifestam:
2044 1516 2141 1550 neo
2178 1501 2401 1557 mirum,
2432 1499 2475 1548 si
2515 1498 2639 1549 divi-

484 1597 548 1630 na
591 1579 830 1632 voluntas
869 1597 964 1647 per
998 1581 1140 1648 signa
1179 1582 1472 1649 quaerenda
1511 1587 1615 1640 est3
1653 1585 1769 1632 cum
1806 1586 1858 1632 et
1895 1580 2122 1632 humana
2161 1586 2307 1632 extra
2344 1583 2637 1647 quaeratur,

491 1675 592 1710 non
630 1659 780 1712 aliter
819 1675 970 1727 quam
996 1677 1088 1726 per
1121 1661 1282 1729 signa,
1317 1660 1549 1713 voluntas
1583 1661 1649 1725 b).

1397 1902 1597 1952 CAPUT
1635 1903 1728 1950 111.

560 2137 690 2189 Dico
727 2136 921 2205 igitur,
959 2138 1408 2206 adquaestionem
1436 2175 1452 2200 ,
1504 2139 1641 2206 quod
1676 2144 1933 2191 Romanus
1982 2134 2203 2203 populus
2252 2135 2316 2188 de
2346 2136 2465 2204 jure
2492 2172 2509 2199 ,
2542 2151 2645 2189 non

492 2221 786 2286 usurpando
809 2220 1112 2273 Monarchae
1138 2221 1360 2272 officium
1384 2258 1399 2282 ‚
1438 2221 1573 2286 quod
1606 2219 1886 2285 Imperium
1914 2217 2100 2268 dicitur
2118 2252 2134 2276 ‚
2159 2216 2260 2267 sibi
2287 2233 2444 2282 super
2463 2232 2647 2268 omnes

495 2299 744 2350 mortales
781 2299 973 2351 ascivit.
1011 2299 1156 2360 Quod
1195 2299 1401 2365 quidem
1441 2300 1610 2365 primo
1647 2299 1721 2349 sic
1759 2297 2042 2363 probatur:
2083 2295 2423 2347 Nobilissimo
2459 2295 2647 2361 populo

497 2380 744 2439 convenit,
792 2380 1035 2432 omnibus
1086 2380 1203 2431 aliis
1240 2379 1531 2446 praeferri:
1571 2384 1830 2429 Romanus
1876 2376 2093 2441 populus
2129 2373 2228 2425 fuit
2263 2374 2651 2436 nobilissimum

494 2474 620 2525 ergo
669 2458 908 2509 convenit
946 2460 1031 2519 ei,
1067 2459 1182 2510 aliis
1221 2458 1460 2509 omnibus
1511 2455 1783 2523 praeferri.
1829 2456 2107 2518 Assumpta
2154 2452 2349 2503 ratione
2386 2453 2651 2518 probatur3

495 2551 613 2587 nam
654 2552 772 2587 cum
824 2535 987 2588 honor
1031 2538 1100 2590 sit
1136 2537 1420 2603 praemium
1456 2536 1653 2588 virtutis
1676 2571 1692 2595 ‚
1728 2542 1781 2587 et
1828 2532 1995 2584 omnis
2050 2530 2298 2597 praelatio
2346 2531 2412 2582 sit
2448 2530 2652 2594 honor,

499 2615 664 2666 omnis
703 2616 953 2681 praelatio
1011 2616 1208 2668 virtutis
1264 2623 1341 2668 est
1396 2616 1698 2681 praemium.
1737 2613 1838 2665 Sed
1874 2616 2117 2671 constat,
2155 2611 2293 2676 quod
2329 2610 2514 2662 merito
2551 2613 2654 2663 vir-

499 2694 622 2747 tutis
657 2694 991 2746 nobilitantur
1026 2694 1293 2747 homines:
1336 2694 1537 2746 virtutis
1574 2693 1816 2744 videlicet
1838 2690 2102 2758 propriae,
2128 2690 2212 2740 vel
2254 2690 2527 2758 majorum.
2562 2694 2656 2741 Est

503 2780 633 2826 enim
688 2780 925 2826 nobilitas
953 2811 970 2836 ‚
1006 2779 1172 2827 virtus
1223 2782 1268 2823 et
1317 2778 1523 2825 divitiae
1559 2779 1789 2835 antiquae
1815 2806 1832 2832 ‚
1879 2771 2031 2839 juxta
2066 2769 2439 2839 Philosophum
2470 2771 2522 2822 in
2559 2776 2656 2821 Po-

503 2862 675 2911 litieis.
716 2863 780 2909 Et
814 2858 961 2926 juxta
1001 2856 1332 2908 Juvenalem:

924 2941 1167 2990 Nobilitas
1204 2943 1316 2987 sola
1352 2944 1423 2987 est
1460 2941 1606 2998 atque
1645 2940 1796 2986 unica
1837 2938 2020 2985 virtus.

504 3024 644 3079 Quae
672 3019 802 3070 duae
841 3018 1123 3071 sententiae
1161 3017 1225 3068 ad
1262 3017 1389 3068 duas
1409 3015 1704 3067 nobilitates
1729 3016 1947 3074 dantur3
1984 3015 2050 3065 ad
2071 3012 2335 3080 propriam
2361 3011 2584 3073 scilicet,
2610 3016 2662 3064 et

508 3099 778 3166 majorum.
814 3103 949 3165 Ergo
988 3096 1289 3154 nobilibuS‚
1330 3094 1520 3146 ratione
1572 3109 1792 3153 causae,
1830 3091 2122 3159 praemium
2174 3091 2504 3157 praelationis
2543 3107 2661 3141 con-

507 3177 721 3227 veniens
776 3184 866 3229 est.
926 3182 991 3228 Et
1049 3180 1165 3226 cum
1219 3173 1447 3240 praemia
1503 3171 1704 3224 meritis
1755 3172 1856 3222 sint
1903 3171 2285 3230 mensuranda,
2337 3171 2485 3238 juxta
2530 3167 2663 3220 illud

508 3256 871 3322 Evangelicum
901 3293 917 3315 ,
954 3259 1144 3306 Eadem
1193 3257 1425 3304 mensura
1476 3267 1600 3316 quae
1654 3255 1812 3300 mensi
1860 3252 2096 3313 fueritis,
2147 3253 2432 3299 remetietur
2481 3252 2660 3299 vobis:

511 3335 738 3387 maxime
764 3335 954 3395 nobili,
994 3335 1222 3387 maxime
1260 3348 1500 3400 praeesse
1538 3331 1788 3384 convenit.
1815 3330 2233 3398 Subassumptam
2256 3333 2406 3392 vero,
2428 3334 2662 3382 veterum

568 3549 615 3604 a)
649 3552 722 3595 Sic
755 3561 867 3603 nos3
899 3551 1016 3602 vulg.
1047 3550 1285 3592 intellecta.
1618 3545 1783 3593 cami
1801 3548 1996 3589 humana
2011 3546 2144 3589 eoetra
2160 3546 2434 3588 voluntatem
2455 3553 2548 3586 non
2576 3543 2659 3584 ali-

571 3607 611 3660 b)
646 3608 718 3649 Sic
750 3618 831 3650 nos
862 3608 918 3649 ad
951 3607 1214 3656 exemplum
1245 3605 1419 3647 italicae
1449 3613 1549 3645 ver·
1619 3607 1688 3646 ter
1717 3614 1850 3655 quam
1878 3611 1956 3655 per
1971 3603 2100 3653 siqua
2129 3603 2353 3644 cernatur.
2386 3600 2655 3642 Lectionem

517 3664 670 3706 sionis,
704 3663 754 3705 In
784 3664 982 3716 vulgatis
1013 3664 1159 3705 minus
1190 3661 1317 3704 recte
1351 3661 1545 3711 legitur:
1620 3661 1862 3713 quaeratur
1891 3658 2101 3711 praebuit
2128 3657 2260 3702 nobis
2290 3655 2402 3701 Cod.
2433 3656 2527 3700 Vat.
