2696 4230
476 213 503 258 6
1021 225 1089 259 DE
1123 215 1433 262 Mommcnm
1472 215 1575 260 Lm.
1614 216 1654 269 I,
1693 215 1742 262 C.
1782 215 1827 260 ΙΙ
1866 226 1932 260 ET
1968 214 2053 260 111.

472 318 521 362 et
544 318 752 380 propter
776 329 874 365 non
899 330 952 365 se
987 315 1181 366 habere
1220 314 1510 364 immediate
1550 318 1601 378 a)
1639 314 1703 363 ad
1739 313 1933 363 lucrum
1964 313 2028 362 ab
2070 312 2308 364 omnibus
2350 316 2594 374 intentata

468 392 518 441 in
543 395 799 459 proposito
837 400 944 454 est,
982 396 1115 444 hanc
1153 394 1214 443 de
1254 394 1357 443 suis
1394 393 1660 445 enucleare
1697 394 1951 444 latibulis:
1978 401 2083 444 tum
2111 401 2164 444 ut
2190 394 2377 445 utiliter
2402 403 2587 451 mundo

470 474 773 541 pervigilem
799 475 865 540 b),
902 482 1005 523 tum
1043 480 1092 525 et
1119 476 1164 539 c)
1200 479 1252 523 ut
1287 473 1506 538 palmam
1533 473 1653 523 tanti
1680 473 1838 522 bravii
1879 473 2071 539 primus
2096 473 2148 521 in
2177 490 2341 524 meam
2370 475 2584 541 gloriam

469 552 736 618 adipiscar.
770 554 992 602 Arduum
1032 554 1284 617 quoddam
1321 569 1444 616 opus
1484 559 1535 603 et
1572 553 1702 602 ultra
1743 552 1876 602 vires
1914 551 2216 619 aggredior,
2254 569 2348 603 non
2384 560 2485 603 tam
2525 557 2588 605 de

466 635 675 698 propria
711 633 892 682 virtute
930 633 1222 690 confidens,
1259 636 1407 698 quam
1444 633 1506 683 de
1541 633 1727 684 lumine
1765 634 2042 702 Largitoris
2076 633 2231 693 illius,
2260 634 2345 699 qui
2372 635 2456 685 dat
2485 652 2594 686 om-

470 712 617 762 nibus
653 711 940 771 affluenter,
978 720 1027 763 et
1064 729 1159 762 non
1194 700 1524 780 improperat.

1382 879 1581 927 CAPUT
1620 880 1683 926 Π.

534 1032 758 1083 Primum
800 1034 955 1101 igitur
990 1035 1259 1085 videndum
1299 1042 1405 1098 est,
1432 1037 1550 1102 quid
1588 1034 1885 1101 temporalis
1912 1036 2209 1086 Monarchia
2232 1036 2452 1095 dicatur,
2477 1040 2595 1104 typo

472 1123 524 1166 ut
550 1116 734 1174 dicam,
755 1124 806 1167 et
831 1117 1100 1167 secundum
1123 1117 1468 1170 intentionem.
1510 1124 1592 1168 Est
1617 1134 1736 1182 ergo
1762 1118 2052 1183 temporalis
2093 1117 2401 1178 Monarchia,
2439 1134 2589 1182 quam

464 1195 632 1247 dicunt
667 1198 965 1262 Imperium,
1004 1216 1131 1248 unus
1169 1201 1222 1267 d)
1261 1200 1593 1267 Principatus,
1635 1205 1684 1249 et
1719 1213 1869 1263 supet·
1907 1214 2082 1248 omnes
2121 1199 2169 1247 in
2215 1205 2469 1264 tempore,
2509 1198 2595 1248 vel

464 1276 511 1324 in
550 1276 610 1328 iis
647 1285 696 1329 et
743 1297 893 1345 super
946 1281 1006 1331 iis
1059 1298 1189 1347 quae
1242 1287 1469 1347 tempore
1519 1282 1564 1347 e)
1621 1289 1990 1332 mensurantur.
2029 1279 2255 1331 Maxime
2311 1287 2480 1331 autem
2525 1281 2591 1331 dc

457 1355 578 1416 hac,
615 1359 711 1409 tria
749 1360 974 1411 dubitata
1024 1366 1346 1426 quaeruntur.
1397 1361 1567 1412 Primo
1606 1377 1823 1425 namque
1880 1360 2136 1410 dubitatur
2197 1364 2246 1408 et
2298 1360 2591 1424 quaeritur,

461 1453 521 1486 an
561 1438 622 1490 ad
661 1440 789 1492 bene
827 1457 940 1492 esse
977 1442 1146 1491 mundi
1186 1443 1475 1492 necessaria
1512 1441 1591 1493 sit.
1618 1442 1868 1501 Secundo,
1894 1458 1954 1491 an
1982 1447 2234 1491 Romanus
2272 1439 2488 1505 populus
2528 1440 2592 1489 de

457 1518 573 1584 jure
609 1522 912 1574 Monarcbae
949 1523 993 1590 f)
1040 1524 1261 1574 officium
1301 1523 1397 1573 sibi
1435 1523 1687 1575 asciverit.
1741 1528 1799 1573 Et
1834 1523 1987 1574 tertio
2014 1560 2028 1581 ‚
2065 1539 2123 1572 an
2164 1521 2436 1571 auctoritas
2488 1526 2594 1571 Mo-

459 1599 674 1651 narcbae
713 1603 994 1669 dependeat
1028 1619 1056 1652 a
1092 1609 1192 1653 Deo
1229 1603 1558 1663 immediate,
1599 1601 1678 1652 vel
1718 1604 1782 1652 ab
1820 1602 1916 1651 alio
1954 1601 2043 1651 Dei
2081 1601 2307 1650 ministro
2343 1617 2430 1650 seu
2457 1599 2593 1650 vica-

461 1680 554 1731 rio.
591 1687 776 1734 Verum
816 1685 933 1750 quia
970 1684 1132 1734 omnis
1172 1683 1358 1735 veritas
1394 1700 1523 1750 quae
1560 1700 1655 1733 non
1682 1690 1757 1734 est
1782 1682 2080 1749 principium
2105 1720 2120 1742 ,
2160 1699 2224 1731 ex
2257 1682 2473 1733 veritate
2501 1681 2593 1732 ali-

459 1764 601 1830 cujus
638 1764 870 1830 principii
909 1765 965 1816 fit
1001 1764 1299 1824 manifesta3
1338 1783 1545 1817 necesse
1584 1771 1692 1824 est,
1727 1766 1777 1815 in
1811 1764 2039 1831 qualibet
2065 1763 2360 1830 quaestione
2396 1763 2591 1813 babere

457 1844 687 1895 notitiam
726 1845 789 1896 de
826 1846 1097 1911 principiO,
1135 1847 1183 1895 in
1225 1847 1359 1911 quod
1397 1846 1644 1915 analytice
1681 1851 1999 1904 recurratur,
2036 1860 2123 1908 pro
2159 1845 2457 1895 certitudine
2485 1859 2596 1893 om-

458 1924 596 1975 nium
624 1925 1025 1991 propositionum
1054 1942 1184 1990 quae
1223 1925 1435 1977 inferius
1470 1934 1802 1977 assumuntur.
1839 1931 1900 1975 Et
1935 1925 2052 1990 quia
2082 1939 2320 1989 praesens
2347 1930 2591 1976 tractatus

458 2012 536 2057 est
571 2007 828 2073 inquisitio
868 2008 1119 2075 quaedam
1143 2045 1158 2067 ,
1195 2014 1308 2058 ante
1344 2008 1511 2057 omnia
1551 2007 1614 2058 de
1652 2006 1901 2073 principio
1939 2006 2260 2056 scrutandum
2299 2022 2415 2057 esse
2450 2006 2591 2056 vide·

459 2092 582 2147 tur,
622 2087 673 2137 in
711 2088 856 2155 cujus
894 2088 1076 2139 virtute
1113 2086 1352 2139 inferiora
1389 2087 1676 2139 consistant.

1361 2333 1559 2381 CAPUT
1598 2334 1687 2379 III.

521 2497 611 2546 Est
649 2510 775 2562 ergo
812 2493 1112 2554 sciendum,
1149 2493 1282 2560 quod
1321 2491 1570 2560 quaedam
1607 2495 1737 2552 sunt,
1764 2505 1894 2556 quae
1929 2495 2132 2541 nostrae
2169 2490 2401 2557 potestati
2441 2489 2587 2540 mini·

457 2588 540 2622 me
574 2574 919 2642 subjacentia,
961 2573 1212 2641 speculari
1267 2572 1611 2625 tantummodo
1659 2587 1966 2638 possumus,
2003 2571 2205 2637 operari
2242 2577 2411 2621 autem
2452 2588 2584 2621 non:

457 2653 597 2704 velut
622 2654 1000 2715 mathematica,
1040 2653 1264 2723 physica,
1302 2659 1351 2703 et
1388 2652 1573 2703 divina.
1610 2652 1867 2712 Quaedam
1905 2655 2024 2701 vero
2056 2655 2187 2708 sunt,
2226 2666 2356 2716 quae
2390 2656 2589 2700 nostrae

455 2734 688 2799 potestati
716 2734 1026 2803 subjacentia
1048 2770 1063 2792 ,
1101 2749 1200 2784 non
1236 2732 1686 2798 solumspeculari
1709 2768 1724 2791 ,
1760 2731 1848 2781 sed
1889 2738 1940 2781 et
1966 2729 2167 2796 operari
2192 2746 2490 2795 possumus:
2535 2735 2587 2780 et

458 2817 510 2865 in
534 2816 592 2865 iis
618 2833 715 2866 non
739 2817 965 2882 operatio
994 2823 1198 2882 propter
1223 2815 1642 2880 speculationem,
1676 2814 1765 2864 sed
1803 2814 1929 2863 haec
1967 2820 2171 2878 propter
2205 2810 2345 2862 illam
2376 2812 2588 2864 assumi-

454 2905 573 2957 tur3
613 2899 852 2965 quoniam
898 2899 947 2949 in
986 2898 1171 2950 talibus
1207 2897 1432 2962 operatio
1469 2897 1520 2962 9)
1569 2902 1646 2946 est
1691 2896 1821 2946 finis.
1868 2899 1990 2946 Gum
2039 2912 2160 2961 ergo
2199 2894 2408 2944 materia
2443 2910 2589 2959 prae-

457 2997 575 3031 sens
599 2981 803 3046 politica
824 2982 917 3041 sit,
951 2981 1055 3030 imo
1089 2980 1198 3030 fons
1225 2986 1375 3045 atque
1401 2979 1702 3045 principium
1731 2984 1981 3029 rectarum
2007 2975 2334 3042 politiarum3
2365 2980 2414 3026 et
2437 2991 2588 3026 omne

457 3061 719 3128 politicum
746 3069 946 3114 nostrae
973 3061 1207 3130 potestati
1229 3060 1517 3128 subjaceat:
1555 3057 1874 3110 manifestum
1911 3061 2020 3115 est,
2048 3054 2183 3120 quod
2210 3055 2421 3106 materia
2443 3071 2586 3122 prae·

510 3226 557 3280 a)
589 3227 696 3269 Cod.
716 3228 811 3269 Vat.
831 3238 917 3270 non
946 3224 1170 3269 bene—in
1195 3224 1484 3267 medietatem.
1609 3219 1642 3275 s)
1676 3222 1787 3264 Cod.
1819 3221 1914 3262 Vat.
1946 3219 2252 3265 Monarchiae,
2281 3217 2452 3261 italicae
2483 3229 2581 3262 ver-

513 3285 558 3332 b)
586 3283 637 3324 In
666 3285 782 3335 vulg.
813 3285 963 3326 minus
992 3281 1113 3326 recte
1142 3283 1408 3335 proviqz‘lem.
1554 3279 1666 3320 sioni
1705 3289 1794 3319 non
1824 3277 2109 3328 respondens.

514 3338 554 3391 c)
587 3340 634 3380 C.
667 3339 777 3380 Ven.
809 3342 955 3381 etiam.
1609 3335 1649 3389 q)
1684 3336 1754 3376 Sic
1786 3335 1926 3378 Codd.
1947 3333 2060 3377 Ven.
2088 3335 2133 3376 et
2153 3332 2263 3376 Vat:
2288 3330 2402 3384 vulg.
2428 3331 2477 3373 in
2505 3331 2589 3373 tali

512 3395 557 3446 d)
591 3395 698 3437 Cod.
730 3395 1055 3436 vat—unicus.
1553 3394 1819 3447 operatione.

510 3449 548 3505 e)
571 3452 642 3495 Sic
658 3462 759 3495 cum
776 3452 885 3495 Cod.
898 3452 1143 3505 Ven.:vu1g
1170 3451 1479 3506 temporaliter.
