2696 4230
418 207 480 252 78
1013 223 1079 256 DE
1122 212 1425 257 Momnefflx
1465 212 1566 256 Lm.
1607 213 1693 266 ΙΙΙ,
1731 212 1781 258 C.
1821 215 1910 259 111.

1316 475 1515 526 CAPUT
1553 480 1641 525 111.

546 718 601 762 In
639 713 861 773 introita,
901 714 964 764 ad
1003 717 1350 781 quaestionem
1390 705 1517 768 hanc
1549 725 1727 770 notare
1765 724 1980 785 oportet,
2010 719 2143 786 quod
2172 719 2366 786 primae
2386 736 2538 786 quae⁶

411 791 583 841 stionis
622 794 809 843 veritas
848 795 1005 860 magis
1043 795 1414 849 manifestanda
1453 798 1547 849 fuit
1583 800 1645 850 ad
1679 800 2015 866 ignorantiam
2055 800 2350 861 tollendam,
2384 808 2535 864 quam

410 874 471 922 ad
511 874 791 925 tollendum
831 877 1061 943 litigium.
1102 880 1196 928 Sed
1239 882 1372 942 quod
1410 881 1503 931 fnit
1541 884 1790 932 secundae
1819 882 2158 945 quaestionis,
2200 884 2454 948 quomodo
2484 889 2537 934 et

410 954 629 1018 qualiter
665 956 727 1004 ad
764 958 1100 1021 ignorantiam
1142 965 1189 1007 et
1227 960 1442 1026 litigium
1485 979 1538 1011 se
1576 962 1799 1014 habeat?
1823 963 1978 1014 Multa
2010 964 2198 1013 etenim
2225 964 2534 1030 ignoramus,

410 1037 470 1084 de
511 1036 694 1101 quibus
730 1054 827 1086 non
867 1038 1166 1104 litigamus3
1219 1057 1330 1090 nam
1371 1049 1631 1107 geometra
1684 1045 1863 1095 circuli
1902 1045 2257 1111 quadraturam
2294 1045 2533 1110 ignorat,

408 1133 510 1166 non
550 1125 719 1166 tamen
758 1119 819 1168 de
859 1119 966 1182 ipsa
1005 1121 1197 1185 litigat;
1236 1122 1501 1189 theologus
1540 1128 1662 1174 vero
1699 1143 1963 1175 numerum
1986 1126 2294 1191 Angelorum
2319 1125 2538 1189 ignorat,

408 1214 509 1247 non
550 1205 720 1248 tamen
761 1200 822 1248 de
862 1199 951 1250 illo
990 1201 1204 1266 litigium
1241 1201 1392 1261 facit;
1427 1205 1683 1272 AEgyptius
1721 1207 2014 1258 civilitatem
2053 1206 2355 1273 Scytharum
2396 1206 2535 1272 igno-

406 1286 521 1337 rat,
558 1295 655 1328 non
692 1287 899 1344 propter
939 1281 1031 1330 hoc
1070 1282 1285 1347 litigium
1333 1281 1458 1334 facit
1506 1286 1567 1333 de
1607 1303 1778 1337 eorum
1834 1289 2092 1339 civilitate.
2130 1289 2295 1356 Hujus
2324 1285 2535 1353 quidem

408 1361 585 1409 tertiae
626 1360 939 1423 quaestionis
977 1362 1167 1412 veritas
1203 1369 1393 1413 tantum
1436 1363 1591 1416 habet
1638 1366 1892 1434 litigium,
1930 1376 1983 1420 ut
2019 1369 2447 1433 quemadmodum
2484 1367 2536 1416 in

409 1442 520 1491 aliis
558 1441 841 1507 ignorantia
880 1443 1011 1495 solet
1047 1461 1157 1494 esse
1195 1461 1369 1495 caussa
1409 1446 1591 1513 litigii,
1629 1450 1701 1499 sic
1740 1455 1791 1499 et
1827 1450 1909 1501 hic
1947 1451 2166 1517 litigium
2192 1451 2536 1515 caussa-igno-

409 1522 605 1573 rantiae
644 1523 722 1572 sit.
762 1524 956 1590 Magnis
992 1523 1280 1575 hominibus
1318 1544 1555 1593 namque,
1598 1530 1803 1581 rationis
1839 1531 2019 1581 intuitu
2044 1531 2350 1583 voluntatem
2391 1545 2539 1594 prae-

408 1604 733 1665 volantibus,
771 1605 866 1655 hoc
904 1621 1055 1670 saepe
1091 1607 1357 1674 contingit:
1397 1616 1450 1660 ut
1476 1610 1605 1661 male
1631 1612 1839 1671 affecti,
1873 1612 2060 1663 lumine
2098 1612 2305 1663 rationis
2332 1618 2535 1676 postpo-

410 1685 542 1742 sit0,
584 1686 766 1734 affectu
808 1685 950 1750 quasi
992 1686 1127 1736 caeci
1165 1688 1427 1738 trahantur
1452 1727 1466 1748 ‚
1506 1698 1557 1742 et
1597 1694 1919 1756 pertinaciter
1954 1710 2097 1744 suam
2136 1693 2382 1759 denegent
2426 1708 2538 1743 cae-

409 1763 629 1814 citatem.
668 1764 812 1814 Unde
850 1763 909 1812 fit
942 1781 1224 1829 persaepe,
1280 1769 1415 1832 quod
1466 1785 1563 1818 non
1601 1772 1761 1821 solum
1816 1772 2011 1823 falsitas
2050 1772 2405 1838 patrimonium
2445 1771 2537 1820 ha-

407 1845 557 1902 heat,
594 1845 682 1893 sed
722 1844 993 1909 plerique,
1031 1851 1084 1893 ut
1122 1847 1182 1895 de
1221 1846 1322 1895 suis
1361 1849 1590 1898 terminis
1628 1851 1950 1916 egredientes
1978 1889 1992 1911 ,
2031 1867 2122 1916 per
2169 1852 2335 1900 aliena
2373 1857 2540 1901 castra

409 1923 728 1982 discurrant,
766 1925 855 1973 ubi
894 1925 1018 1974 nihil
1055 1926 1393 1993 intelligentes
1432 1927 1559 1992 ipsi,
1597 1930 1720 1979 nihil
1756 1931 2140 1997 intelliguntur,
2179 1937 2229 1980 et
2263 1929 2333 1980 sic
2362 1945 2541 1994 provo·

409 2010 524 2054 cant
562 2006 802 2070 quosdam
844 2006 906 2056 ad
943 2007 1070 2055 iram
1096 2043 1110 2066 ,
1147 2008 1389 2072 quosdam
1428 2009 1490 2058 ad
1525 2009 1939 2076 indignationem,
1977 2009 2244 2060 nonnullos
2276 2010 2339 2060 ad
2365 2011 2540 2059 risum.

406 2087 567 2151 Igitur
607 2095 779 2136 contra
817 2087 1080 2136 veritatem
1105 2125 1119 2146 ,
1156 2104 1286 2152 quae
1325 2089 1615 2154 quaeritur,
1655 2091 1753 2140 tria
1791 2091 2052 2141 hominum
2094 2105 2280 2156 genera
2318 2090 2541 2140 maxime

409 2166 759 2218 colluctantur.
784 2172 1016 2216 Summus
1033 2184 1249 2233 namque
1272 2168 1506 2218 Pontifex
1524 2207 1537 2229 ,
1560 2170 1755 2219 Domini
1777 2170 1931 2221 nostri
1951 2175 2067 2221 Jesu
2089 2169 2276 2220 Christi
2294 2169 2541 2229 VicariuS,

411 2253 461 2295 et
485 2248 615 2295 Petri
647 2262 933 2305 successor,
962 2249 1042 2296 cui
1067 2265 1162 2297 non
1184 2249 1422 2313 quicquid
1460 2249 1683 2308 Christo,
1711 2250 1799 2300 sed
1826 2251 2070 2317 quicquid
2098 2256 2244 2300 Petro
2271 2249 2541 2307 debemus,

413 2327 526 2375 zelo
547 2325 759 2377 fortasse
779 2327 1017 2385 clavium,
1032 2344 1121 2376 nec
1141 2344 1236 2377 non
1257 2328 1343 2376 alii
1364 2333 1669 2378 Graecorum
1684 2329 2084 2380 Christianorum
2105 2336 2351 2395 pastores,
2370 2336 2419 2379 et
2435 2329 2543 2388 alii,

414 2424 561 2472 quos,
600 2408 773 2467 credo,
799 2409 910 2459 zelo
938 2409 1045 2458 solo
1084 2409 1255 2458 matris
1291 2409 1555 2458 Ecclesiae
1595 2410 1903 2475 permoveri,
1929 2409 2166 2464 veritati,
2193 2423 2342 2473 quam
2370 2415 2559 2473 osten-¹

412 2502 558 2537 surus
598 2504 705 2537 sum
730 2525 744 2547 ,
784 2489 846 2538 de
880 2489 988 2538 zelo
1016 2487 1182 2538 forsan
1223 2491 1300 2552 (ut
1338 2489 1488 2554 dixi),
1525 2504 1622 2538 non
1650 2489 1712 2538 de
1739 2488 2012 2553 superbia,
2039 2488 2397 2537 contradicunt.
2425 2487 2543 2547 Qui-

416 2567 532 2616 dam
570 2572 691 2616 vero
730 2567 850 2624 alii,
890 2584 1106 2631 quorum
1146 2568 1394 2620 obstinata
1432 2569 1684 2634 cupiditas
1722 2570 1896 2619 lumen
1933 2569 2137 2618 rationis
2177 2567 2427 2625 extinxit,
2470 2574 2540 2626 et,

413 2649 534 2698 dum
576 2665 642 2698 ex
679 2656 822 2714 patre
863 2648 1071 2698 diabolo
1110 2656 1254 2708 sunt,
1293 2649 1557 2700 Ecclesiae
1599 2667 1651 2700 se
1691 2649 1825 2700 filios
1865 2666 1976 2700 esso
2013 2650 2217 2707 dicunt,
2257 2665 2353 2699 non
2379 2648 2543 2699 solum

408 2730 462 2778 in
501 2728 595 2777 hac
635 2728 934 2794 quaestione
974 2729 1191 2794 litigium
1241 2737 1481 2788 movent,
1536 2731 1626 2780 sed
1677 2730 2006 2781 sacratissimi
2045 2730 2356 2795 Principatus
2394 2747 2541 2780 voca-

412 2809 589 2859 bulum
628 2808 999 2869 abhorrentes,
1037 2810 1354 2875 superiorum
1407 2812 1773 2876 quaestionum¹
1809 2819 1861 2863 et
1898 2810 2341 2878 huj11S·principia
2379 2812 2543 2878 impu-

415 2893 589 2941 denter
624 2898 887 2958 negarunt.
927 2897 1049 2944 Sunt
1087 2899 1137 2943 et
1192 2893 1368 2952 tertii,
1405 2910 1531 2958 quos
1568 2895 1925 2947 Decretalistas
1974 2901 2189 2953 vocant,
2224 2893 2541 2960 Theologiae

417 2990 476 3023 ac
534 2973 901 3040 Philosophiae
961 2974 1232 3041 cujuslibet
1290 2974 1435 3024 inscii
1495 2981 1545 3025 et
1600 2983 1873 3042 expertes,
1920 2975 2145 3042 quisuis
2189 2976 2544 3025 Decretalibus

413 3055 433 3119 (
463 3070 588 3117 quas
628 3054 859 3118 profecto
898 3056 1215 3105 venerandas
1256 3055 1529 3121 existimo)
1565 3061 1667 3106 tota
1703 3057 1976 3109 intentione
2012 3055 2207 3114 innixi,
2246 3057 2309 3105 de
2335 3055 2541 3105 illarum

412 3134 758 3199 praevalentia
796 3134 950 3185 credo
988 3143 1283 3200 speranteS,
1319 3135 1539 3200 Imperio
1587 3135 1844 3202 derogant.
1888 3140 1992 3187 Nee
2030 3136 2249 3193 mirum,
2288 3139 2400 3185 cum
2433 3136 2543 3202 jam

414 3215 694 3263 audiverim
736 3215 1009 3281 quemdam
1064 3216 1127 3265 de
1172 3216 1273 3265 illis
1310 3216 1597 3273 dicentem,
1636 3221 1684 3265 et
1715 3215 1994 3280 procaciter
2031 3221 2353 3274 asserentem,
2392 3215 2545 3265 tradi·

411 3296 575 3346 tiones
627 3297 885 3346 Ecclesiae
914 3297 1031 3346 fidei
1060 3313 1172 3347 esse
1209 3295 1609 3346 fundamentum.
1636 3296 1775 3355 Quod
1802 3297 2007 3363 quidem
2034 3295 2177 3346 nefas
2225 3296 2286 3345 de
2309 3295 2543 3360 opinione

412 3377 701 3430 mortalium
746 3379 821 3429 illi
861 3379 1232 3440 submoveant,
1271 3379 1390 3446 qui,
1435 3383 1547 3429 ante
1585 3377 1908 3432 traditionem
1947 3378 2239 3440 Ecclesiae,
2275 3378 2326 3429 in
2362 3377 2540 3428 Filium
